2205 3431
230 110 294 155 22
730 109 827 157 DE
859 109 1159 159 NATURA
1193 109 1516 159 DEORUM.

230 208 553 285 argumenti
584 208 801 266 exitum
831 228 946 265 non
977 209 1237 286 potestiS,
1259 210 1575 286 confugitis
1603 209 1677 267 ad
1705 209 1874 268 deum
1898 229 1912 268 t

234 295 325 345 54.
363 289 525 345 cuius
559 308 791 364 operam
827 289 1088 364 profecto
1131 308 1247 345 non
1291 289 1702 360 desideraretiS,
1728 291 1776 346 si
1810 291 1915 346 im-

230 387 487 425 mensam
522 376 579 425 et
614 369 1040 425 interminatam
1076 370 1136 425 in
1173 389 1373 426 omnes
1408 378 1597 445 partes
1630 371 1916 446 magnitu-

230 449 767 524 dinem'regionum
803 448 1087 520 videretis,
1121 449 1179 505 in
1216 468 1387 525 quam
1423 469 1482 505 se
1519 450 1760 506 iniciens
1797 450 1916 506 ani·

229 548 358 585 mus
399 536 458 586 et
489 528 796 585 intendens
829 529 913 584 ita
944 528 1056 585 late
1090 528 1373 605 longeque
1415 530 1823 606 peregrinatur,
1849 537 1916 587 ιιι

230 608 445 664 nullam
486 616 681 664 tamen
724 627 882 663 oram
925 608 1117 664 ultimi
1146 609 1351 676 videat,
1375 609 1432 665 in
1470 628 1584 685 qua
1615 610 1798 686 possit
1831 610 1916 666 in-

228 689 440 745 sistere.
505 687 572 743 In
595 687 698 744 hac
721 687 898 763 igitur
918 688 1303 744 immensitate
1326 689 1713 757 latitudinum,
1733 689 1916 765 longi-

227 768 513 837 tudinum,
539 766 910 824 altitudinum
938 767 1164 824 infinita
1184 768 1268 824 vis
1296 768 1795 825 innumerabilium
1820 789 1916 825 vo·

227 847 356 904 litat
396 854 738 916 atomorum,
772 867 916 923 quae
955 848 1257 904 interiecto
1302 848 1460 904 inani
1508 848 1916 905 cohaerescunt

226 935 419 984 tamen
448 928 599 984 inter
626 947 685 984 se
714 934 772 984 et
800 928 940 984 aliae
969 927 1107 984 alias
1136 927 1628 1003 apprehendentes
1656 929 1916 986 continu-

226 1015 428 1064 antur:
473 1027 543 1064 ex
578 1026 692 1083 quo
727 1006 1051 1064 efficiuntur
1084 1027 1183 1064 eae
1217 1026 1405 1063 rerum
1434 1008 1654 1065 formae
1688 1015 1746 1065 et
1773 1008 1915 1084 figu-

227 1107 336 1157 rae,
371 1106 510 1163 quas
538 1106 641 1143 vos
682 1087 829 1144 effici
871 1106 1040 1163 posse
1083 1087 1205 1143 sine
1247 1087 1484 1144 follibus
1518 1095 1577 1145 et
1609 1088 1914 1145 incudibus

226 1187 342 1224 non
372 1167 604 1244 putatiS.
677 1166 879 1243 Itaque
901 1167 1259 1244 imposuistis
1280 1167 1340 1223 in
1364 1167 1676 1225 cervicibus
1704 1169 1914 1225 nostris

227 1248 641 1325 sempiternum
672 1247 971 1304 dominum
1004 1266 1175 1323 quem
1211 1246 1334 1303 dies
1368 1255 1426 1304 et
1459 1255 1656 1304 noctes
1690 1248 1914 1305 timere-

227 1347 371 1385 muS.
457 1327 600 1395 Quis
627 1327 781 1383 enim
816 1346 933 1383 non
961 1327 1166 1384 timeat
1200 1327 1396 1384 omnia
1422 1328 1820 1404 providentem
1855 1335 1915 1385 ct

228 1408 579 1483 cogitantem
604 1414 661 1463 et
683 1407 1229 1464 animadvertentem
1257 1414 1316 1464 et
1338 1408 1532 1464 omnia
1559 1408 1631 1464 ad
1661 1427 1719 1464 se
1742 1409 1913 1485 perti-

228 1507 360 1545 nere
401 1495 701 1564 putantem
744 1488 1031 1544 curiosum
1074 1498 1133 1544 et
1174 1487 1410 1564 plenum
1443 1488 1662 1563 negotii
1704 1488 1872 1544 deum
1893 1489 1971 1563 2!

232 1575 324 1625 55.
360 1568 516 1624 Hinc
537 1568 701 1624 vobis
723 1568 944 1624 exstitit
971 1567 1223 1643 primum
1246 1567 1343 1624 illa
1369 1567 1562 1624 fatalis
1590 1554 1908 1635 necessitas,

232 1668 402 1726 quam
445 1647 780 1725 εἱμαρμένην
815 1648 1022 1719 dicitis,
1048 1655 1130 1719 ut,
1157 1648 1440 1726 quidquid
1479 1648 1715 1717 accidat,
1740 1648 1799 1704 id
1843 1668 1912 1704 ex

231 1738 457 1787 aeterna
485 1730 722 1787 veritate
765 1748 1175 1805 causarumque
1216 1730 1649 1786 continuatione
1684 1728 1912 1786 fluxisse

232 1810 448 1866 dicatis,
535 1808 746 1876 Quanti
776 1816 966 1865 autem
996 1809 1136 1865 haee
1164 1808 1533 1886 philosophia
1559 1810 1914 1866 aestimanda

232 1898 332 1958 est,
357 1889 449 1946 cui
478 1896 770 1965 tamquam
801 1889 1039 1946 aniculis
1068 1896 1127 1946 et
1154 1890 1225 1945 iis
1255 1890 1487 1966 quidem
1518 1890 1765 1947 indoctis
1786 1891 1912 1946 fato

231 1970 351 2026 fieri
374 1969 673 2026 videantur
700 1970 930 2026 omnia?
996 1969 1266 2045 Sequitur
1293 1973 1524 2045 μαντικὴ
1547 1977 1746 2040 vestra,
1770 1989 1913 2046 quae

234 2049 434 2105 Latine
476 2050 754 2106 divinatio
797 2050 1022 2119 dieitur,
1055 2068 1168 2125 qua
1199 2057 1361 2106 tanta
1402 2050 1785 2106 imbueremur
1826 2070 1915 2107 su-

231 2130 584 2205 perstitione,
611 2130 658 2186 si
690 2149 788 2185 vos
817 2130 1012 2186 audire
1042 2130 1330 2197 vellem11S‚
1356 2137 1422 2186 ut
1452 2130 1794 2206 haruspiceS,
1819 2149 1914 2186 au-

231 2229 415 2285 gureS,
440 2210 661 2279 harioli,
686 2216 858 2279 vateS,
884 2210 1235 2266 coniectores
1264 2209 1429 2265 nobis
1452 2217 1639 2266 essent
1668 2210 1908 2267 colendi.

235 2297 326 2346 56.
366 2290 477 2346 His
498 2288 806 2346 terroribus
835 2289 906 2346 ab
936 2290 1186 2366 Epicuro
1216 2290 1388 2346 soluti
1417 2297 1474 2346 et
1503 2290 1561 2346 in
1592 2289 1912 2347 libertatem

233 2369 508 2426 vindicati
550 2389 654 2426 nee
694 2370 1006 2426 metuimus
1049 2390 1162 2439 eOS,
1197 2389 1339 2446 quos
1380 2370 1769 2446 intellegimus
1807 2388 1913 2426 nec

234 2449 344 2507 sibi
376 2449 590 2526 fingere
623 2449 797 2507 ullam
832 2450 1153 2507 molestiam
1199 2469 1301 2507 nec
1336 2450 1498 2507 alteri
1542 2468 1823 2526 quaerere,
1856 2457 1914 2506 et

232 2531 328 2607 pie
377 2537 683 2607 sancteque
731 2531 971 2586 colimus
1015 2538 1277 2588 naturam
1325 2531 1693 2587 excellentem
1742 2537 1915 2606 atque

233 2617 634 2687 praestantem.
720 2610 836 2667 Sed
876 2610 1056 2667 elatus
1098 2611 1291 2667 studio
1335 2630 1531 2667 vereor
1571 2629 1644 2666 ne
1687 2610 1916 2686 longior

232 2691 460 2748 fuerim.
560 2691 698 2748 Erat
737 2700 930 2748 autem
975 2691 1205 2747 difficile
1251 2711 1370 2747 rem
1415 2697 1637 2747 tantam
1681 2696 1915 2766 tamque

233 2772 579 2847 praeclaram
614 2753 939 2829 incohatam
982 2772 1315 2848 relinquere.
1402 2770 1761 2847 Quamquam
1796 2790 1914 2827 non

233 2860 352 2908 tam
383 2851 612 2908 dicendi
640 2853 786 2909 ratio
817 2852 960 2908 mihi
989 2851 1254 2908 habenda
1281 2851 1395 2908 fuit
1426 2871 1595 2927 quam
1626 2851 1911 2907 audiendi.

313 2931 481 2989 XXI.
551 2932 660 3002 57.
705 2932 854 2988 Tum
898 2932 1074 2989 Cotta
1122 2932 1376 2994 comiter,
1410 2942 1473 2987 ut
1518 2930 1766 2987 solebat:
1811 2931 1916 2987 At-

235 3012 350 3088 qui,
375 3011 581 3087 inquit,
608 3011 810 3079 Vellei,
836 3012 948 3068 nisi
977 3020 1039 3069 ιιι
1076 3012 1292 3088 aliquid
1324 3012 1578 3077 dixisses,
1603 3011 1745 3067 nihil
1782 3030 1915 3066 sane

233 3111 302 3146 ex
332 3111 424 3148 me
454 3091 687 3167 quidem
716 3092 911 3147 audire
940 3092 1238 3167 potuisses..
1305 3090 1447 3145 Mihi
1479 3091 1627 3146 enim
1661 3110 1773 3145 non
1795 3098 1915 3146 tam

232 3171 401 3227 facile
431 3171 487 3227 in
510 3179 760 3227 mentem
787 3171 974 3227 venire
999 3172 1142 3227 solet
1163 3190 1272 3246 qua
1295 3190 1352 3226 re
1374 3189 1562 3225 vorum
1597 3171 1671 3226 sit
1700 3170 1917 3246 aliquid
