2205 3431
235 98 332 142 24ss
753 94 851 140 DE
890 92 1390 142 DIVINATIONE.

234 201 397 265 nunt,
418 195 692 271 cogitant,
713 194 982 251 sentiunt.
1067 193 1218 250 Cum
1244 200 1436 250 autem
1458 193 1597 251 haec
1626 193 1912 252 subtracta

234 282 370 334 sunt
395 275 763 351 desertusque
796 274 1020 330 animus
1047 273 1330 347 languore
1348 274 1617 349 corporis,
1642 280 1769 331 tum
1796 275 1914 351 agi-

233 363 388 413 tatur
414 355 536 432 ipse
565 374 668 430 per
699 373 835 413 sese.
918 352 1123 429 Itaque
1150 354 1212 408 in
1246 372 1314 409 eo
1348 360 1406 409 et
1438 354 1659 410 formae
1692 373 1913 411 versan-

232 443 327 492 tur
360 442 418 492 et
451 435 720 502 actioneS,
745 439 803 489 et
829 433 1012 489 multa
1039 432 1241 502 audiri,
1264 432 1446 489 multa
1480 433 1593 489 dici
1627 433 1907 491 videntur.

237 521 367 573 140.
413 514 573 571 Haec
622 513 834 570 scilicet
876 513 939 568 in
981 511 1269 569 imbecillo
1318 512 1669 589 remissoque
1717 513 1912 570 animo

230 595 413 651 multa
454 593 719 650 omnibus
751 591 941 648 modis
983 591 1223 648 confusa
1255 598 1314 648 et
1345 592 1559 648 variata
1598 600 1908 663 versantur,

229 675 588 749 maximeque
620 672 889 748 reliquiae
922 689 1117 728 earum
1151 690 1337 728 rerum
1371 678 1675 728 moventur
1701 672 1761 728 in
1794 673 1912 729 ani-

229 754 340 809 mis
382 760 440 810 et
473 753 776 828 agitantur,
809 752 880 808 de
915 750 1123 828 quibus
1156 750 1457 826 vigilantes
1498 758 1597 807 aut
1638 751 1912 827 cogitavi-

229 852 356 889 mus
389 839 488 889 aut
521 832 758 908 egimuS,
783 838 849 888 ut
875 831 1020 888 mihi
1048 830 1405 906 temporibus
1434 829 1544 887 illis
1571 831 1817 887 multum
1846 831 1908 887 in

228 913 420 968 animo
464 911 675 967 Marius
717 910 1043 967 versabat-ur
1082 910 1406 967 recordanti
1447 930 1622 987 quam
1659 910 1754 967 ille
1785 929 1911 986 gra-

228 1011 355 1048 vem
390 1010 559 1048 suum
593 1010 784 1048 casum
818 1009 1029 1066 magno
1063 991 1275 1057 animo,
1302 1009 1474 1066 quam
1509 991 1794 1047 constanti
1822 998 1909 1047 tu-

227 1071 399 1128 lisset.
484 1070 652 1127 Hanc
681 1069 849 1127 credo
878 1089 1106 1127 causam
1134 1070 1207 1127 de
1235 1070 1332 1127 illo
1362 1070 1687 1127 somniandi
1708 1070 1903 1128 fuisse.

227 1149 502 1208 LXVIII.
547 1149 680 1207 Tibi
711 1156 905 1207 autem
939 1150 1011 1206 de
1043 1169 1138 1207 me
1172 1169 1302 1207 cum
1337 1149 1721 1207 sollicitudine
1755 1151 1908 1226 cogi-

227 1231 374 1287 tanti
408 1229 600 1287 subito
634 1249 762 1287 sum
795 1229 948 1286 visus
989 1249 1238 1286 emersus
1272 1249 1303 1287 e
1335 1229 1588 1287 flumine.
1673 1228 1908 1288 Inerant

227 1311 380 1367 enim
408 1310 469 1366 in
498 1310 791 1386 utriusque
824 1316 1084 1366 nostrum
1120 1309 1326 1365 animis
1359 1309 1720 1385 vigilantium
1753 1311 1908 1386 cogi-

226 1391 510 1447 tationum
558 1390 809 1465 vestigia.
894 1389 978 1445 At
1021 1389 1300 1465 quaedam
1345 1390 1614 1447 adiuncta
1657 1396 1807 1459 sunt,
1838 1397 1907 1447 ut

226 1469 370 1526 mihi
403 1469 473 1526 de
508 1475 882 1526 monumento
918 1468 1100 1539 Marii,
1132 1469 1240 1526 tibi
1277 1469 1433 1546 quod
1466 1488 1662 1546 equuS,
1692 1470 1753 1525 in
1788 1490 1904 1546 quo

226 1569 334 1625 ego
376 1548 635 1620 vehebar,
665 1567 892 1606 mecum
927 1568 1039 1605 una
1074 1549 1363 1605 demersus
1396 1568 1587 1605 rursus
1620 1550 1900 1625 apparuit.

231 1634 358 1687 141.
403 1628 501 1685 An
528 1635 594 1685 tu
621 1648 815 1686 censes
842 1627 1016 1685 ullam
1045 1647 1218 1685 anum
1247 1636 1366 1685 tam
1388 1629 1624 1685 deliram
1646 1630 1901 1686 futuram

223 1708 418 1781 fuisse,
448 1717 514 1766 ut
547 1709 785 1766 somniis
826 1708 1094 1779 crederet,
1124 1709 1235 1766 nisi
1268 1709 1379 1766 ista
1419 1729 1552 1767 casu
1591 1729 1710 1766 non
1741 1729 1907 1767 num-

226 1808 413 1866 quam,
432 1789 599 1860 forte,
622 1796 835 1859 temere
864 1790 1301 1847 concurrerent?
1381 1789 1709 1846 Alexandro
1731 1789 1903 1847 draco

223 1869 383 1946 loqui
404 1869 557 1925 visus
585 1875 686 1926 est.
762 1868 965 1926 Potest
986 1869 1224 1926 omnino
1246 1868 1356 1925 hoc
1379 1888 1500 1925 esse
1520 1869 1747 1940 falsum,
1771 1876 1904 1945 pot-

163 1959 168 1965 '
223 1955 310 2005 est
350 1967 564 2017 verum,
600 1948 716 2017 sed,
752 1955 946 2004 utrum
987 1956 1090 2017 est,
1129 1967 1244 2005 non
1288 1954 1374 2005 est
1405 1948 1680 2006 mirabile.
1765 1949 1904 2006 Non

223 2029 377 2085 enim
412 2027 632 2084 audivit
664 2027 759 2084 ille
793 2028 1095 2084 draconem
1125 2028 1471 2104 loquentem,
1497 2029 1596 2086 sed
1629 2035 1715 2085 est
1746 2029 1904 2086 visus

222 2108 435 2177 audire,
467 2113 525 2163 ct
559 2107 808 2184 quidem,
842 2127 955 2184 quo
997 2108 1181 2164 maius
1224 2108 1313 2179 sit,
1345 2127 1475 2164 cum
1513 2108 1760 2165 radicem
1804 2128 1902 2167 ore

222 2194 457 2258 teneret,
487 2187 712 2244 locutus
753 2194 853 2244 est.
939 2187 1053 2244 Sed
1086 2187 1230 2243 nihil
1265 2195 1350 2244 est
1381 2206 1658 2263 magnum
1691 2189 1904 2246 somni·

222 2268 358 2324 anti.
437 2266 659 2335 Quaero
689 2274 879 2323 autem
903 2285 1003 2323 cur
1023 2267 1352 2324 Alexandro
1374 2273 1494 2323 tam
1516 2267 1732 2324 illustre
1754 2288 1904 2325 som-

223 2347 401 2417 nium,
431 2353 549 2403 tam
593 2353 829 2415 certum,
861 2365 964 2403 nec
997 2345 1133 2403 huic
1175 2347 1359 2403 eidem
1395 2347 1550 2417 aliaS,
1581 2366 1686 2404 nec
1718 2348 1905 2405 multa

223 2428 437 2483 ceteris.
524 2426 669 2482 Mihi
713 2426 945 2501 quidem
985 2433 1211 2501 praeter
1250 2426 1360 2482 hoc
1403 2426 1722 2483 Marianum
1755 2427 1902 2485 nihil

222 2526 354 2562 sane
398 2506 553 2582 quod
585 2506 961 2562 meminerim.
1046 2505 1277 2561 Frustra
1309 2506 1487 2581 igitur
1527 2514 1903 2582 consumptae

221 2593 312 2642 tot
340 2593 535 2642 noctes
563 2591 683 2641 tam
710 2584 924 2660 longa
908 2603 969 2640 in
997 2592 1198 2642 aetate.
1286 2590 1416 2642 142.
1461 2585 1519 2641 N
1522 2605 1631 2642 unc
1666 2586 1903 2662 quidem

222 2675 456 2740 propter
494 2664 975 2721 intermissionem
1022 2664 1267 2720 forensis
1309 2683 1513 2740 operae
1555 2671 1613 2721 et
1646 2664 1905 2722 lucubra-

222 2745 406 2800 tiones
435 2744 653 2800 detraxi
682 2751 740 2800 et
768 2744 1193 2800 meridiationes
1222 2744 1435 2814 addidi,
1459 2743 1664 2820 quibus
1692 2730 1810 2801 uti
1805 2763 1905 2801 an-

221 2831 314 2878 tea
341 2842 469 2877 non
479 2822 747 2892 solebam,
767 2841 871 2879 nec
892 2829 1011 2878 tam
1035 2822 1279 2879 multum
1303 2824 1592 2879 dormiens
1614 2823 1730 2880 ullo
1753 2843 1905 2880 som-

222 2901 319 2955 nio
362 2919 488 2955 sum
530 2901 872 2990 admonituS,
904 2901 1077 2957 tantis
1110 2902 1441 2978 praesertim
1476 2902 1547 2958 de
1581 2902 1764 2973 rebuS,
1795 2922 1904 2961 nec

222 2977 365 3032 mihi
398 2979 581 3052 magis
614 2998 887 3068 umquam
930 2981 1126 3037 videor
1160 3000 1347 3057 quam,
1379 3001 1508 3039 cum
1542 2988 1643 3038 aut
1674 2983 1735 3038 in
1768 2983 1903 3041 foro

222 3056 586 3128 magistratus
614 3062 712 3111 aut
740 3058 799 3111 in
828 3059 982 3114 curia
1010 3067 1268 3116 senatum
1301 3061 1483 3131 vide0,
1509 3062 1808 3119 somniare.

302 3132 516 3189 LXIX.
560 3133 941 3192 Etenim—ex
964 3136 1243 3195 divisione
1268 3139 1376 3197 hoc
1398 3140 1711 3197 secundum
1734 3147 1901 3199 est—-
