2205 3431
264 142 294 186 2
705 140 804 193 DE
838 140 1138 189 NATURA
1170 140 1490 190 DEORUM.

263 238 446 286 scimus
469 239 520 287 in
545 239 740 288 Graeca
764 239 1075 303 philosophia
1097 241 1443 301 cognoscenda
1465 241 1676 289 multum
1705 243 1940 304 temporis
1991 250 1998 254 ’

262 317 534 379 operaeque
566 305 783 380 posuisse
818 314 867 352 et
900 306 1063 367 ipsum
1095 306 1275 353 librum
1306 305 1364 354 de
1393 306 1571 354 virtute
1605 309 1940 369 composuisse

262 369 313 415 in
339 369 443 429 ipso
459 370 710 431 prooemio
733 371 796 418 ad
820 371 894 419 M.
918 373 1129 418 Brutum
1157 373 1337 433 scripto
1357 372 1427 419 M.
1448 372 1640 419 Tullius
1663 373 1724 420 de
1747 387 1941 420 summa

262 433 548 482 difficultate
583 443 634 482 et
669 435 965 484 obscuritate
1001 436 1319 496 gravissimae
1357 437 1500 484 huius
1540 437 1841 500 quaestionis
1878 438 1939 487 de

260 508 440 547 natura
461 500 664 548 deorum
688 501 897 560 disserit,
918 501 980 548 de
1002 517 1102 563 qua
1125 510 1226 548 tam
1253 502 1415 549 vaiiae
1437 510 1638 563 tamque
1661 503 1939 565 discrepan-

260 574 334 610 tes
351 564 753 627 philosophorum
777 566 874 614 sint
897 567 1123 613 sententi·
1114 581 1186 626 ιθ,
1208 582 1328 628 quas
1352 567 1580 629 deinceps
1606 569 1776 629 paucis
1798 583 1938 616 enar-

260 639 351 687 iat,
372 645 478 691 cap.
504 635 530 678 1
551 633 653 677 et‘)
624 663 672 689 ..,
702 629 729 687 §
752 634 860 680 1-5.
923 631 1055 678 Tum
1080 632 1270 707 Cicero,
1280 632 1524 708 quoniam
1546 642 1595 681 et
1618 633 1766 681 amici
1789 633 1938 682 bene-

258 694 368 742 vole
391 710 501 743 eum
527 695 886 744 admonuerant
905 706 956 744 et
977 696 1166 743 invidi
1153 697 1349 745 mimice
1372 698 1783 759 vituperaverant,
1805 699 1936 760 quod

257 759 620 822 philosophiam
643 761 888 810 Graecam
911 762 1105 809 Latinis
1131 761 1305 810 litteris
1333 762 1564 820 tr·,ade1et
1585 772 1635 811 et
1657 763 1937 812 universum

258 824 596 886 philosophiae
634 826 849 874 studium
893 827 1113 875 defendit
1152 834 1202 875 et
1243 827 1453 875 breviter
1492 829 1730 876 rationem
1773 828 1938 877 ieddit

259 904 410 951 quam
443 891 507 937 ob
542 904 646 937 rem
684 890 788 952 ipse
822 892 1239 940 Academicorum
1276 892 1586 954 disciplinam
1623 893 1935 954 potissimum

257 963 455 1002 secutus
478 955 556 1015 sit,
576 970 782 1018 quorum
808 956 871 1004 de
896 957 1197 1017 gravissimis
1224 958 1371 1005 iebus
1398 958 1683 1006 dubitanter
1704 959 1937 1036 loquendi

256 1020 382 1067 ratio
404 1021 469 1068 ad
492 1020 656 1068 hanc
642 1037 802 1083 ipsam
825 1023 1163 1083 quaestionem
1186 1023 1409 1070 maximo
1433 1038 1579 1084 opere
1601 1024 1847 1085 pertinere
1867 1025 1934 1071 ri-

256 1085 447 1144 deatur,
474 1085 538 1134 de
576 1101 676 1148 qua
711 1102 825 1134 cum
860 1087 1206 1135 difficillimum
1238 1102 1326 1149 per
1366 1103 1418 1136 se
1457 1088 1522 1136 sit
1555 1088 1808 1148 iudicium,
1831 1100 1936 1137 tum

255 1159 423 1198 tantae
441 1151 834 1199 doctissimorum
855 1151 1114 1200 hominum
1131 1152 1473 1213 dissensioneS,
1490 1169 1595 1216 cap.
1616 1156 1725 1212 3-6,
1747 1153 1774 1212 §
1791 1157 1934 1202 5-14.

254 1215 385 1263 Dein
422 1216 485 1263 de
517 1217 848 1278 disputatione
876 1217 1004 1265 inter
1028 1219 1084 1267 C.
1106 1219 1364 1266 Aurelium
1389 1219 1589 1267 Cottam
1614 1228 1665 1267 et
1688 1219 1935 1268 C.Ve11e-

253 1281 357 1328 ium
391 1290 441 1329 et
470 1282 532 1342 Q.
553 1281 801 1329 Lucilium
837 1282 1053 1330 Balbum
1088 1298 1142 1331 se
1174 1283 1405 1331 audiente
1432 1284 1660 1332 instituta
1694 1285 1859 1344 refert,
1882 1286 1933 1332 in

253 1361 351 1408 qua
375 1361 500 1408 qnae
520 1362 552 1393 a
572 1340 873 1410 principibus
891 1347 985 1395 illis
1004 1348 1151 1396 trium
1177 1348 1540 1410 disciplinarum
1567 1349 1816 1411 disputata
1835 1350 1934 1398 sint

253 1425 305 1458 se
339 1412 458 1459 dicit
484 1412 559 1459 his
585 1411 720 1458 libris
747 1427 993 1488 exponere
1025 1413 1353 1469 constituisse,
1378 1428 1482 1475 cap.
1505 1417 1535 1460 6
1562 1425 1611 1461 et
1636 1417 1679 1473 7,
1701 1413 1729 1471 ἓ
1755 1418 1926 1464 15-17.

254 1476 357 1523 Et
345 1492 394 1524 ln
420 1477 513 1525 hoc
538 1477 735 1538 quidem
759 1478 917 1539 primo
939 1478 1064 1526 libro
1086 1479 1279 1527 initium
1305 1479 1584 1541 disputandi
1609 1479 1729 1527 facit
1752 1480 1933 1529 C.Vel·

251 1541 375 1589 leius
400 1551 450 1589 et
473 1558 501 1589 a
529 1543 904 1604 reprehensione
937 1543 1136 1605 quidem
1162 1544 1452 1592 Platonicae
1478 1553 1528 1592 et
1554 1545 1748 1593 Stoicae
1782 1545 1932 1592 ratio-

250 1607 343 1666 niS,
367 1622 574 1669 quarum
599 1607 684 1655 illa
705 1609 943 1656 mundum
970 1625 1000 1656 a
1023 1608 1117 1656 deo
1140 1616 1396 1670 tamquam
1423 1610 1596 1671 opifice
1624 1619 1771 1672 atque
1798 1611 1934 1658 aedi-

250 1672 452 1722 ficatore
471 1673 742 1735 profectum
766 1674 1110 1735 contendebat,
1133 1674 1290 1723 altera
1310 1673 1571 1738 πρόνοιαν,
1585 1675 1636 1723 id
1659 1685 1751 1737 est,
1771 1676 1934 1737 provi-

250 1738 468 1786 dentiam
488 1740 768 1800 inducebat‚
785 1755 816 1787 a
834 1754 930 1801 qua
948 1741 1166 1788 mundus
1184 1740 1385 1788 effectus
1403 1748 1532 1788 esset
1549 1751 1599 1788 et
1620 1742 1932 1789 administra-

249 1813 400 1863 retur,
422 1813 630 1866 utraque
653 1814 820 1852 autem
844 1806 1086 1852 mnndum
1110 1806 1276 1852 animo
1304 1814 1355 1853 et
1382 1806 1604 1854 sensibus
1631 1807 1925 1868 praeditum,

249 1869 534 1929 rotundum,
556 1869 809 1917 ardentem
837 1870 1202 1932 volubilemque
1228 1870 1454 1932 faciebat,
1479 1886 1586 1933 cap.
1612 1875 1758 1931 8-10,
1781 1871 1809 1929 §
1837 1874 1934 1920 18-

250 1936 328 1982 23.
390 1934 714 1997 Reliquorum
739 1935 918 1983 deinde
941 1936 1164 1983 omnium
1185 1936 1585 1997 philosophorum
1604 1936 1720 1985 inde
1743 1953 1775 1984 a
1797 1938 1933 1985 Tha-

248 1999 345 2047 lete
372 1999 434 2047 de
462 2000 556 2047 deo
583 2001 839 2047 sententiis
868 2000 1078 2048 breviter
1105 2002 1506 2049 commemoratis
1529 2010 1579 2049 et
1601 2001 1926 2064 reprehensis,

249 2079 354 2126 cap.
388 2067 559 2122 10-15‚
590 2064 617 2122 §
654 2066 830 2125 24-41,
861 2065 925 2113 ad
959 2066 1118 2127 ipsam
1153 2066 1447 2128 Epicuream
1482 2066 1543 2114 de
1579 2066 1654 2113 dis
1688 2068 1932 2116 rationem

248 2130 593 2191 explicandam
619 2131 824 2190 accedit,
848 2146 998 2192 qnam
1023 2147 1173 2178 unam
1198 2146 1363 2179 veram
1389 2146 1494 2179 esse
1517 2132 1785 2181 existimat.
1842 2134 1931 2181 So-

248 2195 351 2242 lum
376 2195 506 2242 enim
536 2196 807 2257 Epicurum
832 2196 1026 2251 vidisse,
1041 2197 1255 2258 primum
1285 2212 1392 2244 esse
1427 2196 1562 2256 deOS,
1587 2198 1718 2259 quod
1745 2198 1795 2244 in
1825 2213 1933 2245 om-

247 2261 386 2307 nium
408 2260 586 2308 animis
608 2275 778 2308 eorum
804 2261 1057 2309 notionem
1077 2262 1400 2323 impressisset
1415 2270 1592 2310 natura.
1613 2273 1666 2310 et
1688 2262 1793 2311 sine
1814 2263 1933 2311 doc-

247 2328 377 2373 trina
415 2327 817 2389 anticipationem
859 2329 1105 2390 quandam
1145 2329 1367 2387 deorum,
1386 2345 1536 2392 quam
1574 2331 1678 2393 ipse
1713 2330 1928 2393 appellat

248 2390 515 2454 πρόληψιν,
531 2392 636 2440 sine
659 2407 757 2454 qua.
779 2408 877 2440 non
897 2394 1115 2453 intellegi
1133 2395 1396 2457 quicquam
1419 2410 1506 2442 nec
1531 2395 1701 2457 quaeri
1725 2410 1813 2442 nee
1828 2396 1927 2442 dis-

246 2465 409 2526 putari
443 2478 613 2540 posse·
654 2464 705 2510 id
739 2478 803 2511 ex
830 2478 889 2511 eo
915 2463 1149 2523 intellegi,
1176 2463 1307 2525 quod
1335 2464 1559 2511 omnium
1585 2463 1843 2511 hominum
1876 2465 1929 2512 in

246 2544 305 2577 eo
330 2530 392 2577 sit
416 2530 543 2576 mira
560 2530 832 2588 consensiO,
851 2538 905 2576 ut
928 2530 1046 2577 deos
1064 2544 1172 2578 esse
1195 2537 1435 2588 statuant,
1454 2543 1667 2591 eamque
1690 2529 1931 2590 anticipa-

248 2596 432 2643 tionem
468 2595 570 2643 sive
600 2595 970 2656 praenotionem
1000 2595 1205 2642 deorum
1233 2594 1467 2653 habeant,
1486 2604 1542 2642 ut
1569 2609 1653 2641 eos
1681 2594 1850 2642 beatos
1878 2603 1930 2642 et

247 2660 550 2708 immortales
574 2669 777 2721 putent:
811 2674 878 2707 ex
900 2674 997 2721 quo
1021 2660 1271 2722 consequi,
1292 2667 1346 2706 ut
1369 2659 1494 2707 nihil
1516 2660 1700 2718 negotii
1723 2674 1813 2708 nec
1835 2659 1930 2721 ipsi

248 2725 462 2772 habeant
485 2740 574 2771 nec
598 2725 706 2771 aliis
726 2725 993 2772 exhibeant
1016 2740 1176 2787 neque
1199 2726 1272 2771 ira
1292 2739 1451 2787 neque
1474 2725 1632 2785 grat-ia
1650 2732 1924 2784 teneantur,

249 2791 382 2851 quia,
406 2805 532 2851 quae
556 2790 675 2837 talia
699 2791 812 2849 sint,
835 2790 1080 2838 imbecilla
1108 2791 1208 2837 sint
1242 2790 1424 2838 omnia.
1501 2791 1559 2838 Id
1588 2791 1627 2837 si
1652 2791 1721 2837 ita
1749 2790 1827 2851 sit,
1851 2791 1930 2852 pie

247 2855 475 2902 colendos
499 2869 604 2902 esse
625 2855 741 2901 deos
761 2865 959 2916 propter
976 2863 1309 2916 praestantem
1335 2867 1581 2913 naturam,
1604 2856 1740 2903 nullo
1764 2865 1930 2903 autem

247 2921 396 2967 modo
422 2920 680 2979 timendos,
698 2935 796 2981 qno
819 2936 919 2967 uno
942 2921 1063 2968 dicit
1089 2936 1288 2968 omnem
1322 2922 1722 2981 superstitionem
1755 2921 1923 2978 everti,

249 3002 356 3047 cap.
384 2989 442 3032 16
467 2996 516 3032 et
544 2988 619 3045 17,
644 2984 671 3043 ἓ
700 2987 878 3035 42—45.
952 2986 1050 3035 Sed
1077 2987 1140 3034 ad
1171 2988 1298 3034 hanc
1327 2987 1610 3047 opinionem
1634 2986 1932 3034 confirman-

249 3051 365 3098 dam
388 3050 645 3113 anquirere
668 3052 891 3098 animum
910 3059 961 3100 et
978 3051 1189 3099 formam
1207 3061 1257 3100 et
1276 3052 1426 3099 vitam
1450 3061 1499 3100 et
1522 3052 1769 3100 actionem
1791 3067 1931 3099 men-

250 3118 313 3164 tis
338 3126 485 3178 atque
507 3117 828 3177 agitationem
848 3117 899 3164 in
918 3118 1025 3177 deo,
1052 3126 1101 3166 et
1125 3119 1335 3179 figuram
1355 3119 1553 3180 quidem
1575 3117 1760 3165 nullam
1788 3132 1931 3179 posse

248 3181 398 3230 aliam
418 3196 525 3231 esse
542 3182 634 3230 nisi
653 3182 939 3245 humanam,
962 3183 1174 3246 primum
1194 3184 1327 3246 quod
1345 3194 1522 3232 natura
1544 3183 1756 3247 speciem
1780 3182 1930 3231 aliam
