2205 3431
463 125 601 175 LIB.
626 125 745 185 111„
776 125 933 174 CAP.
959 124 1482 187 XXXI.—XXXIII.,
1511 123 1539 185 ἓ
1570 128 1747 176 76-82.
1855 129 1951 176 135

267 226 431 285 tersit
462 233 658 283 utrum
692 245 861 284 nemo
901 226 977 283 sit
1010 226 1236 302 sapiens
1269 246 1342 283 an
1383 245 1554 283 nemo
1597 246 1717 285 esse
1749 229 1947 305 possit.

265 306 357 364 Ac
384 325 491 363 nos
521 306 750 383 quidem
783 305 956 362 nimis
984 305 1168 363 multa
1194 306 1266 363 de
1299 325 1361 363 re
1391 306 1763 382 apertissima.
1847 308 1953 366 Te-

265 386 419 442 lamo
452 392 646 443 autem
680 405 796 442 uno
830 405 992 442 versu
1028 386 1219 443 locum
1255 392 1444 443 totum
1483 386 1730 458 conficit,
1756 407 1857 445 cur
1889 388 1950 445 di

265 466 529 523 homines
556 465 896 542 neglegant:

264 587 399 636 Nam
422 586 463 635 si
486 593 674 647 curent,
696 586 820 634 bene
843 585 984 634 bonis
1007 585 1086 646 sit,
1108 585 1239 634 male
1265 585 1439 635 malis:
1476 586 1609 650 quod
1631 601 1763 636 nunc
1789 588 1943 639 abest.

265 704 571 762 Debebant
590 704 677 761 illi
698 704 930 781 quidem
962 723 1163 761 omnes
1184 703 1368 762 bonos
1390 703 1625 776 efficere,
1647 705 1694 761 si
1718 706 1949 782 quidem

264 784 566 841 hominum
595 784 791 860 generi
819 783 1207 842 consulebant.
1279 791 1370 842 80.
1404 784 1506 842 Sin
1538 785 1597 842 id
1626 786 1831 856 minuS,
1852 786 1951 843 bo-

263 864 355 920 nis
376 864 608 941 quidem
632 870 783 921 certe
805 864 1096 921 consulere
1119 863 1419 922 debebant.
1498 864 1616 922 Cur
1637 865 1813 941 igitur
1832 867 1948 924 duo

265 943 580 1021 ScipioneS‚
605 943 951 1001 fortissimos
993 950 1051 1000 et
1085 944 1340 1020 optimos
1372 944 1541 1013 virOS‚
1572 945 1632 1002 in
1667 945 1951 1022 Hispania

263 1024 496 1081 Poenus
525 1024 844 1101 oppressit?
917 1022 1035 1080 Cur
1062 1023 1350 1081 Maximus
1378 1024 1583 1082 extulit
1610 1024 1791 1081 filium
1820 1046 1951 1083 con·

264 1103 545 1160 sularemZ
619 1103 737 1161 Cur
764 1103 1093 1160 Marcellum
1120 1103 1412 1161 Hannibal
1433 1104 1759 1162 interemit?
1832 1105 1951 1163 Cur

264 1183 533 1240 Paullum
560 1182 792 1241 Cannae
822 1183 1204 1240 sustulerunt?
1264 1182 1383 1240 Cur
1403 1183 1732 1241 Poenorum
1756 1185 1950 1243 crude-

262 1263 414 1320 litati
441 1263 650 1339 Reguli
679 1282 885 1340 corpus
914 1270 1000 1320 est
1028 1261 1388 1339 praebitqu
1461 1264 1580 1321 Cur
1607 1265 1949 1322 Africanum

263 1343 566 1400 domestici
589 1342 833 1419 parietes
862 1362 978 1400 non
1001 1344 1304 1400 texerunt?
1378 1343 1492 1401 Sed
1513 1344 1652 1401 haec
1674 1352 1865 1401 vetera
1892 1353 1950 1402 et

263 1422 376 1479 alia
416 1423 732 1499 permulta:
776 1423 1048 1499 propiora
1084 1422 1395 1480 videamus,
1481 1423 1599 1480 Cur
1638 1424 1950 1481 avunculus

262 1522 441 1573 mem,
454 1502 539 1559 vir
554 1502 1053 1559 innocentissimus
1070 1502 1339 1579 idemque
1357 1503 1737 1574 doctissimuS‚
1755 1504 1820 1561 P.
1838 1504 1951 1561 Ru-

262 1583 439 1653 tilius,
460 1582 522 1638 in
548 1582 748 1639 exsilio
777 1584 900 1640 est?
942 1602 1043 1639 cur
1070 1582 1281 1639 sodalis
1308 1602 1470 1639 meus
1492 1583 1829 1640 interfectus
1850 1584 1949 1641 do-

262 1662 386 1720 mui
421 1682 568 1734 suae,
601 1662 862 1721 Drusus?
905 1681 1006 1720 cur
1046 1662 1458 1738 temperantiae
1500 1663 1950 1741 prudentiaeque

263 1743 554 1820 specimen
582 1750 716 1800 ante
745 1743 1108 1801 simulacrum
1133 1743 1346 1801 Vestae
1374 1744 1638 1820 pontifex
1667 1744 1951 1801 maximus

263 1830 352 1880 est
374 1822 441 1891 Q.
463 1822 733 1880 Scaevola
753 1823 1107 1880 trucidatus?
1149 1842 1250 1880 cur
1276 1831 1409 1880 ante
1437 1824 1610 1880 etiam
1640 1831 1730 1881 tot
1757 1824 1952 1881 civita-

262 1903 340 1960 tis
374 1902 660 1979 principes
694 1922 728 1959 a
760 1902 948 1960 Cinna
979 1902 1350 1979 interempti?
1392 1923 1493 1961 cur
1534 1904 1792 1961 omnium
1828 1923 1952 1980 per—

262 1982 664 2040 fidiosissimus
706 1982 770 2040 C.
803 1982 1018 2040 Marius
1059 1981 1127 2050 Q.
1153 1982 1421 2040 Catulum
1466 1984 1952 2060 praestantissima

263 2062 550 2139 dignitate
579 2062 765 2120 virum
800 2062 947 2119 mori
977 2062 1172 2138 potuit
1199 2062 1429 2120 iubere?
1514 2070 1604 2120 81.
1641 2063 1783 2120 Dies
1816 2064 1952 2121 defi-

262 2143 395 2214 ciat,
422 2142 471 2198 si
504 2142 673 2200 velim
716 2161 1013 2199 numerare
1047 2141 1255 2218 quibus
1288 2141 1456 2199 bonis
1501 2143 1648 2199 male
1680 2144 1947 2215 evenerit,

263 2241 371 2279 nec
400 2222 606 2292 minUS,
629 2222 677 2278 si
699 2241 1144 2279 commemorem
1175 2221 1383 2298 quibus
1403 2221 1683 2299 improbis
1712 2223 1946 2299 optime.

263 2302 387 2359 Cur
418 2302 570 2358 enim
607 2301 821 2359 Marius
853 2309 973 2358 tam
1001 2301 1249 2359 feliciter
1281 2302 1588 2378 septimum
1626 2302 1824 2359 consul
1853 2303 1953 2360 do-

264 2381 389 2438 mui
424 2400 557 2437 suae
591 2401 762 2439 senex
795 2389 883 2439 est
914 2383 1213 2439 mortuus?
1255 2400 1356 2439 cur
1388 2382 1648 2439 omnium
1687 2382 1952 2439 crudelis-

265 2462 446 2518 simus
485 2468 605 2518 tam
648 2461 748 2519 diu
791 2461 977 2518 Cinna
1016 2462 1314 2537 regnavit?
1394 2462 1479 2519 At
1520 2462 1682 2519 dedit
1718 2482 1947 2538 poenas,

264 2541 558 2598 XXXIII.
595 2540 897 2598 Prohiberi
941 2541 1145 2598 melius
1178 2542 1294 2598 fuit
1325 2541 1707 2619 impedirique
1748 2561 1819 2599 ne
1861 2550 1952 2600 tot

264 2640 523 2678 summos
544 2620 696 2677 viros
716 2620 1060 2679 interficeret
1083 2640 1254 2697 quam
1276 2621 1468 2697 ipsum
1491 2621 1797 2697 aliquando
1820 2642 1953 2699 poe-

263 2720 368 2757 nas
400 2700 550 2758 dare.
636 2700 877 2758 Summo
912 2701 1168 2758 cruciatu
1203 2701 1599 2778 supplicioque
1633 2700 1700 2769 Q.
1723 2700 1948 2772 VariuS,

262 2781 442 2837 homo
466 2780 1008 2857 importunissimus,
1029 2781 1229 2856 periit:
1265 2782 1328 2851 si,
1348 2781 1480 2858 quia
1502 2781 1756 2837 Drusum
1779 2782 1948 2852 ferro,

263 2860 561 2917 Metellum
604 2879 825 2917 veneno
868 2861 1187 2929 sustulerat,
1219 2860 1346 2917 illos
1388 2861 1706 2918 conservari
1747 2861 1952 2918 melius

262 2941 381 2997 fuit
410 2960 581 3017 quam
611 2959 826 3017 poenas
855 2940 1077 2997 sceleris
1100 2940 1343 2998 Varium
1372 2940 1635 3016 pendere.
1719 2940 1952 2997 Duode-

265 3020 644 3097 quadraginta
665 3040 846 3076 annos
867 3020 1186 3096 Dionysius
1207 3026 1484 3096 tyrannus
1503 3020 1620 3077 fuit
1643 3020 1951 3096 opulentis·

204 3115 208 3118 ⁴
264 3101 443 3157 simae
466 3110 523 3158 et
541 3100 900 3158 beatissimae
921 3099 1185 3157 civitatis,
1258 3106 1348 3156 82.
1375 3099 1560 3167 Quam
1582 3100 1798 3155 multos
1819 3108 1951 3156 ante

262 3179 419 3238 hunc
449 3180 508 3237 in
531 3181 658 3257 ipso
686 3181 956 3239 Graeciae
977 3179 1118 3237 flore
1140 3178 1506 3236 Pisistratus!
1568 3179 1653 3236 At
1674 3178 1949 3249 Phalaris,
