2205 3431
556 149 693 199 LIB.
719 149 784 210 1.,
813 149 971 199 CAP.
1001 149 1349 211 LIV.-LV1.,
1379 148 1407 208 ἓ
1440 152 1680 200 122-127.
1867 154 1965 225 191.

281 248 646 308 contrarium.
715 249 861 307 Mihi
879 257 1070 307 autem
1094 250 1169 307 ad
1191 250 1317 321 hoo,
1335 251 1407 307 de
1430 271 1544 327 quo
1568 252 1817 328 disputo,
1837 271 1966 330 pro·-

281 329 535 387 bandum
564 330 701 387 satis
733 336 821 387 est
846 349 965 386 non
998 330 1175 387 modo
1204 330 1383 406 plura,
1410 331 1508 387 s‘ed
1538 332 1708 388 etiam
1738 333 1967 408 paucio-

281 430 343 466 ra
372 411 562 467 divine
590 429 890 486 praesensa
917 418 975 466 et
1002 409 1296 486 praedicta
1322 411 1570 486 reperiri.
1649 417 1777 468 125.
1810 410 1964 479 Quin

281 491 456 546 etiam
484 489 594 546 hoc
623 509 739 546 non
768 489 1039 546 dubitans
1068 489 1327 560 dixerim,
1353 490 1401 546 si
1430 509 1608 547 unum
1638 490 1855 566 aliquid
1883 492 1965 548 ita

281 570 357 626 sit
389 570 745 646 praedictum
790 589 1284 647 praesensumque‚
1309 576 1390 640 ut,
1416 589 1547 626 cum
1589 571 1858 641 evenerit,
1885 571 1966 627 ita

281 649 463 718 cadat,
490 657 554 706 ut
582 649 938 725 praedictum
967 650 1057 720 sit,
1084 668 1269 726 neque
1296 649 1357 705 in
1388 665 1455 706 eo
1494 650 1797 727 quicquam
1832 668 1966 706 casu

281 736 341 786 et
360 729 603 786 fortuito
626 729 845 786 factum
876 748 996 786 csse
1025 736 1312 805 appareat,
1334 748 1455 786 esse
1484 736 1636 785 certe
1662 729 1967 786 divinatio-

281 827 411 866 nem
441 808 615 886 idque
644 828 764 865 esse
793 809 1060 865 omnibus
1088 808 1495 865 confitendum.

352 888 633 956 Quocirca
653 889 903 965 primum
926 889 1069 945 mihi
1089 889 1331 959 videtur,
1350 896 1414 945 ut
1436 887 1783 945 Posidonius
1803 888 1962 959 facit,

279 986 315 1024 a
341 968 466 1038 de0‚
492 968 565 1025 de
593 987 708 1044 quo
737 969 874 1025 satis
902 968 1122 1025 dictum
1152 975 1255 1038 est,
1280 967 1487 1024 deinde
1522 987 1555 1025 a
1587 968 1730 1037 fato,
1756 967 1965 1025 deinde

279 1066 315 1104 a
334 1055 537 1105 natura
553 1049 638 1104 vis
661 1048 847 1105 omnis
865 1047 1161 1105 divinandi
1179 1047 1439 1124 ratioque
1457 1048 1780 1124 repetenda.
1842 1047 1889 1104 F
1889 1047 1965 1104 ie-

279 1127 327 1184 ri
352 1128 528 1204 igitur
557 1129 750 1186 omnia
769 1128 893 1185 fato
922 1128 1067 1184 ratio
1096 1127 1254 1203 cogit
1282 1127 1467 1184 fateri.
1537 1127 1742 1184 Fatum
1772 1134 1963 1184 autem

279 1206 342 1264 id
375 1208 616 1285 appelle,
643 1208 799 1284 quod
840 1207 1043 1264 Graeci
1087 1207 1438 1284 εἱμαρμένην,
1463 1206 1525 1264 id
1568 1213 1671 1277 est,
1703 1207 1964 1263 ordinem

280 1288 597 1364 seriemque
630 1306 942 1358 causarum,
967 1306 1097 1343 cum
1128 1306 1329 1344 causae
1362 1306 1531 1344 causa
1563 1306 1709 1343 nexa
1741 1306 1861 1343 rem
1894 1306 1965 1342 ex

280 1386 339 1424 se
367 1368 585 1444 gignat.
670 1367 756 1424 Ea
783 1374 870 1424 est
898 1386 967 1424 ex
996 1367 1156 1424 omni
1185 1367 1521 1424 aeternitate
1549 1365 1730 1423 fluens
1758 1366 1965 1422 veritas

279 1448 640 1525 sempiterna.
712 1447 883 1515 Quod
905 1466 1037 1504 cum
1058 1448 1142 1504 ita
1170 1447 1261 1514 sit,
1282 1446 1425 1502 nihil
1450 1452 1536 1503 est
1556 1446 1776 1502 factum
1806 1445 1962 1522 quod

279 1546 396 1583 non
431 1528 691 1584 futurum
726 1528 918 1597 fuerit,
943 1526 1261 1603 eodemque
1301 1526 1479 1582 modo
1512 1525 1657 1581 nihil
1692 1532 1778 1582 est
1810 1525 1965 1581 futu-

277 1626 423 1678 rum,
444 1608 605 1664 cuius
627 1626 742 1663 non
766 1626 960 1663 causas
981 1606 1042 1662 id
1065 1607 1255 1682 ipsum
1285 1605 1592 1662 efficientes
1612 1611 1814 1661 natura
1834 1624 1966 1661 con·

278 1687 474 1746 tineat.
564 1692 694 1746 126.
732 1687 819 1744 Ex
859 1705 974 1764 quo
1008 1685 1377 1763 intellegitur,
1402 1692 1467 1743 ut
1499 1684 1687 1742 fatum
1730 1685 1805 1742 sit
1846 1704 1962 1742 non

278 1767 357 1838 id,
384 1768 540 1845 quod
582 1768 993 1844 superstitiose,
1018 1766 1120 1823 sed
1159 1767 1237 1838 id,
1264 1765 1416 1843 quod
1453 1764 1690 1842 physice
1733 1765 1961 1835 dicitur,

279 1867 449 1904 causa
490 1854 718 1904 aeterna
757 1867 963 1917 rerum,
995 1866 1095 1904 cur
1137 1853 1196 1903 et
1237 1866 1317 1915 ea,
1345 1865 1489 1923 quae
1530 1845 1961 1921 praeterierunt,

279 1927 434 1984 facta
461 1928 577 1984 sint
605 1935 665 1984 et
693 1946 836 2004 quae
865 1928 1083 1984 instant
1104 1925 1244 1983 fiant
1272 1934 1331 1983 et
1360 1945 1503 2002 quae
1534 1932 1850 2002 sequuntur
1876 1925 1966 1980 fu-

277 2014 409 2064 tura
450 2008 579 2065 sint.
666 2006 758 2063 Ita
797 2007 864 2064 fit
904 2013 970 2063 ut
1011 2013 1071 2062 et
1114 2006 1509 2063 observatione
1551 2006 1738 2062 notari
1780 2004 1965 2082 possit

281 2106 425 2162 quae
466 2106 555 2143 res
597 2105 882 2163 quamque
925 2105 1151 2143 causam
1186 2086 1522 2163 plerumque
1564 2091 1959 2161 consequatur,

280 2168 455 2223 etiam
484 2168 669 2223 sinon
699 2183 955 2243 semper:
991 2185 1125 2222 nam
1149 2166 1210 2222 id
1232 2166 1465 2242 quidem
1494 2164 1791 2221 adfirmare
1820 2164 1965 2221 diffi-

280 2246 386 2303 cile
420 2254 538 2304 est:
581 2246 925 2323 easdemque
958 2265 1154 2303 causas
1181 2246 1297 2302 veri
1328 2243 1513 2301 simile
1547 2251 1633 2301 est
1659 2263 1847 2301 rerum
1875 2245 1963 2300 fu-

279 2333 536 2383 turarum
570 2327 723 2383 cerni
757 2326 828 2384 ab
858 2327 944 2395 iis,
973 2327 1071 2403 qui
1106 2331 1206 2382 aut
1232 2343 1336 2401 per
1361 2325 1613 2381 furorem
1648 2342 1742 2380 eas
1776 2330 1875 2380 aut
1903 2324 1963 2379 in

281 2407 474 2483 quiete
496 2406 742 2463 videant.
817 2406 969 2463 LVI.
1046 2406 1177 2463 127.
1204 2405 1505 2461 Praeterea
1532 2423 1663 2460 cum
1692 2403 1816 2460 fato
1846 2422 1964 2459 om-

279 2486 376 2543 nia
396 2485 679 2543 fiant—id
703 2486 859 2562 quod
880 2486 993 2542 alio
1015 2485 1143 2543 loco
1174 2484 1635 2542 ostendetur—si
1660 2483 1787 2559 quis
1813 2502 1963 2539 mor·

280 2566 411 2622 talis
438 2566 622 2643 possit
643 2585 779 2636 esse,
802 2566 902 2643 qui
923 2565 1348 2642 colligationem
1379 2582 1673 2638 causarum
1702 2562 1961 2619 omnium

279 2647 587 2723 perspiciat
605 2647 814 2715 animo,
832 2646 975 2702 nihil
998 2665 1130 2703 eum
1153 2645 1415 2721 profecto
1437 2643 1614 2700 fallat.
1673 2640 1786 2709 Qui
1809 2642 1962 2700 enim

280 2733 474 2784 teneat
501 2746 695 2783 causas
723 2745 910 2783 rerum
932 2726 1273 2795 futurarum,
1293 2724 1447 2781 idem
1475 2741 1702 2779 neccsse
1730 2728 1817 2777 est
1845 2740 1964 2778 om-

281 2807 378 2863 nia
417 2813 625 2876 teneat,
653 2824 796 2883 quae
837 2806 1034 2863 futura
1075 2806 1206 2862 sint.
1291 2802 1463 2871 Quod
1504 2821 1634 2859 cum
1677 2820 1848 2857 nemo
1881 2801 1965 2857 fa-

281 2905 406 2943 cere
450 2886 559 2943 nisi
603 2886 743 2943 deus
784 2886 983 2961 possit,
1018 2884 1457 2961 relinquendum
1507 2889 1593 2939 est
1634 2881 1856 2938 homini
1896 2887 1965 2938 ut

281 2967 461 3042 signis
495 2966 835 3043 quibusdam
870 2964 1277 3042 consequentia
1318 2961 1735 3019 declarantibus
1768 2961 1963 3018 futura

281 3047 641 3122 praesentiat.
721 3046 854 3102 Non
884 3046 1037 3102 enim
1065 3045 1178 3115 illa,
1201 3062 1344 3120 quae
1373 3043 1569 3100 futura
1597 3049 1746 3112 sunt,
1772 3040 1963 3097 subito

281 3128 582 3197 exsistunt,
603 3126 701 3183 sed
725 3132 811 3183 est
833 3126 991 3202 quasi
1023 3124 1280 3181 rudentis
1309 3122 1611 3199 explicatio
1641 3122 1721 3178 sic
1742 3121 1964 3179 traduc-

281 3205 367 3262 tio
388 3206 665 3279 temporis
692 3205 834 3262 nihil
865 3205 999 3262 novi
1022 3204 1318 3261 efficientis
1345 3211 1405 3260 et
1431 3203 1679 3278 primum
1713 3200 1963 3276 quidque
