<?xml version="1.0" encoding="UTF-8"?>
<!DOCTYPE html PUBLIC "-//W3C//DTD XHTML 1.0 Transitional//EN"
    "http://www.w3.org/TR/xhtml1/DTD/xhtml1-transitional.dtd">
<html xmlns="http://www.w3.org/1999/xhtml" xml:lang="en" lang="en">
 <head>
  <title>
</title>
<meta http-equiv="Content-Type" content="text/html;charset=utf-8" />
  <meta name='ocr-system' content='tesseract 3.04.00' />
  <meta name='ocr-capabilities' content='ocr_page ocr_carea ocr_par ocr_line ocrx_word'/>
</head>
<body>
  <div class='ocr_page' id='page_1' title='image "./defato00cicegoog_0158.png"; bbox 0 0 2205 3431; ppageno 0'>
   <div class='ocr_carea' id='block_1_1' title="bbox 87 3274 175 3356">
    <p class='ocr_par' dir='ltr' id='par_1_1' title="bbox 87 3274 175 3356">
     <span class='ocr_line' id='line_1_1' title="bbox 87 3274 175 3356; baseline 0 0"><span class='ocrx_word' id='word_1_1' title='bbox 87 3274 175 3356; x_wconf 60' lang='lat' dir='ltr'>k</span> 
     </span>
    </p>
   </div>
   <div class='ocr_carea' id='block_1_2' title="bbox 210 96 1363 147">
    <p class='ocr_par' dir='ltr' id='par_1_2' title="bbox 210 96 1363 147">
     <span class='ocr_line' id='line_1_2' title="bbox 210 96 1363 147; baseline -0.001 0"><span class='ocrx_word' id='word_1_2' title='bbox 210 100 304 147; x_wconf 84' lang='lat'>148</span> <span class='ocrx_word' id='word_1_3' title='bbox 734 97 832 145; x_wconf 90' lang='lat' dir='ltr'>DE</span> <span class='ocrx_word' id='word_1_4' title='bbox 866 96 1363 147; x_wconf 86' lang='lat' dir='ltr'>DIVINATIONE.</span> 
     </span>
    </p>
   </div>
   <div class='ocr_carea' id='block_1_3' title="bbox 207 199 1913 3230">
    <p class='ocr_par' dir='ltr' id='par_1_3' title="bbox 208 199 1893 337">
     <span class='ocr_line' id='line_1_3' title="bbox 208 199 1893 271; baseline 0.001 -14"><span class='ocrx_word' id='word_1_5' title='bbox 208 202 339 271; x_wconf 87' lang='lat' dir='ltr'>fuit,</span> <span class='ocrx_word' id='word_1_6' title='bbox 362 200 433 257; x_wconf 92' lang='lat' dir='ltr'>de</span> <span class='ocrx_word' id='word_1_7' title='bbox 467 205 696 257; x_wconf 85' lang='lat' dir='ltr'>senatus</span> <span class='ocrx_word' id='word_1_8' title='bbox 730 201 1013 258; x_wconf 89' lang='lat' dir='ltr'>sententia</span> <span class='ocrx_word' id='word_1_9' title='bbox 1052 200 1257 258; x_wconf 77' lang='lat' dir='ltr'><strong>refecit</strong></span> <span class='ocrx_word' id='word_1_10' title='bbox 1290 220 1360 258; x_wconf 87' lang='lat' dir='ltr'>ex</span> <span class='ocrx_word' id='word_1_11' title='bbox 1395 199 1672 258; x_wconf 82' lang='lat' dir='ltr'>Caeciliae</span> <span class='ocrx_word' id='word_1_12' title='bbox 1705 200 1893 258; x_wconf 87' lang='lat' dir='ltr'>Balia-</span> 
     </span>
     <span class='ocr_line' id='line_1_4' title="bbox 208 280 755 337; baseline 0 0"><span class='ocrx_word' id='word_1_13' title='bbox 208 281 310 337; x_wconf 84' lang='lat' dir='ltr'>rici</span> <span class='ocrx_word' id='word_1_14' title='bbox 337 280 485 337; x_wconf 85' lang='lat' dir='ltr'>filiae</span> <span class='ocrx_word' id='word_1_15' title='bbox 514 280 755 337; x_wconf 86' lang='lat' dir='ltr'>somniO.</span> 
     </span>
    </p>

    <p class='ocr_par' dir='ltr' id='par_1_4' title="bbox 207 359 1913 3230">
     <span class='ocr_line' id='line_1_5' title="bbox 289 359 1896 436; baseline 0.002 -20"><span class='ocrx_word' id='word_1_16' title='bbox 289 359 395 418; x_wconf 88' lang='grc' dir='ltr'><strong>ΙΙΙ.</strong></span> <span class='ocrx_word' id='word_1_17' title='bbox 483 366 534 417; x_wconf 88' lang='grc'>5.</span> <span class='ocrx_word' id='word_1_18' title='bbox 580 361 776 436; x_wconf 91' lang='lat' dir='ltr'>Atque</span> <span class='ocrx_word' id='word_1_19' title='bbox 817 359 974 430; x_wconf 87' lang='lat' dir='ltr'>haec,</span> <span class='ocrx_word' id='word_1_20' title='bbox 1006 367 1072 417; x_wconf 93' lang='lat' dir='ltr'>ut</span> <span class='ocrx_word' id='word_1_21' title='bbox 1115 379 1225 436; x_wconf 81' lang='lat' dir='ltr'>ego</span> <span class='ocrx_word' id='word_1_22' title='bbox 1267 360 1527 431; x_wconf 85' lang='lat' dir='ltr'>arbitror,</span> <span class='ocrx_word' id='word_1_23' title='bbox 1552 368 1769 418; x_wconf 89' lang='lat' dir='ltr'>veteres</span> <span class='ocrx_word' id='word_1_24' title='bbox 1810 382 1896 419; x_wconf 90' lang='lat' dir='ltr'>re-</span> 
     </span>
     <span class='ocr_line' id='line_1_6' title="bbox 207 440 1896 517; baseline 0.001 -21"><span class='ocrx_word' id='word_1_25' title='bbox 207 460 335 496; x_wconf 88' lang='lat' dir='ltr'>rum</span> <span class='ocrx_word' id='word_1_26' title='bbox 368 441 553 515; x_wconf 80' lang='lat' dir='ltr'>magis</span> <span class='ocrx_word' id='word_1_27' title='bbox 595 440 812 496; x_wconf 89' lang='lat' dir='ltr'>eventis</span> <span class='ocrx_word' id='word_1_28' title='bbox 844 440 1053 497; x_wconf 90' lang='lat' dir='ltr'>moniti</span> <span class='ocrx_word' id='word_1_29' title='bbox 1097 459 1269 517; x_wconf 91' lang='lat' dir='ltr'>quam</span> <span class='ocrx_word' id='word_1_30' title='bbox 1311 441 1532 497; x_wconf 89' lang='lat' dir='ltr'>ratione</span> <span class='ocrx_word' id='word_1_31' title='bbox 1575 440 1732 497; x_wconf 89' lang='lat' dir='ltr'>docti</span> <span class='ocrx_word' id='word_1_32' title='bbox 1765 461 1896 517; x_wconf 89' lang='lat' dir='ltr'>pro-</span> 
     </span>
     <span class='ocr_line' id='line_1_7' title="bbox 207 519 1891 597; baseline 0.001 -20"><span class='ocrx_word' id='word_1_33' title='bbox 207 520 500 577; x_wconf 88' lang='lat' dir='ltr'>baverunt.</span> <span class='ocrx_word' id='word_1_34' title='bbox 587 519 1072 595; x_wconf 87' lang='lat' dir='ltr'>Philosophorum</span> <span class='ocrx_word' id='word_1_35' title='bbox 1108 539 1242 576; x_wconf 88' lang='lat' dir='ltr'>vero</span> <span class='ocrx_word' id='word_1_36' title='bbox 1285 521 1570 597; x_wconf 88' lang='lat' dir='ltr'>exquisita</span> <span class='ocrx_word' id='word_1_37' title='bbox 1611 522 1891 597; x_wconf 83' lang='lat' dir='ltr'>quaedam</span> 
     </span>
     <span class='ocr_line' id='line_1_8' title="bbox 208 600 1894 676; baseline -0.001 -19"><span class='ocrx_word' id='word_1_38' title='bbox 208 607 546 676; x_wconf 79' lang='lat' dir='ltr'>argumenta</span> <span class='ocrx_word' id='word_1_39' title='bbox 578 619 678 656; x_wconf 90' lang='lat' dir='ltr'>cur</span> <span class='ocrx_word' id='word_1_40' title='bbox 711 606 858 655; x_wconf 89' lang='lat' dir='ltr'>esset</span> <span class='ocrx_word' id='word_1_41' title='bbox 886 619 1016 656; x_wconf 88' lang='lat' dir='ltr'>vera</span> <span class='ocrx_word' id='word_1_42' title='bbox 1048 600 1328 656; x_wconf 90' lang='lat' dir='ltr'>divinatio</span> <span class='ocrx_word' id='word_1_43' title='bbox 1371 600 1609 657; x_wconf 89' lang='lat' dir='ltr'>collecta</span> <span class='ocrx_word' id='word_1_44' title='bbox 1650 608 1816 657; x_wconf 87' lang='lat' dir='ltr'>sunt:</span> <span class='ocrx_word' id='word_1_45' title='bbox 1863 622 1894 657; x_wconf 95' lang='lat' dir='ltr'>e</span> 
     </span>
     <span class='ocr_line' id='line_1_9' title="bbox 210 651 1897 757; baseline 0.001 -22"><span class='ocrx_word' id='word_1_46' title='bbox 210 651 432 757; x_wconf 89' lang='lat' dir='ltr'>quibus,</span> <span class='ocrx_word' id='word_1_47' title='bbox 457 685 522 735; x_wconf 91' lang='lat' dir='ltr'>ut</span> <span class='ocrx_word' id='word_1_48' title='bbox 556 679 627 736; x_wconf 93' lang='lat' dir='ltr'>de</span> <span class='ocrx_word' id='word_1_49' title='bbox 662 679 1074 755; x_wconf 83' lang='lat' dir='ltr'>antiquissimis</span> <span class='ocrx_word' id='word_1_50' title='bbox 1108 680 1323 757; x_wconf 90' lang='lat' dir='ltr'>loquar,</span> <span class='ocrx_word' id='word_1_51' title='bbox 1350 679 1746 757; x_wconf 88' lang='lat' dir='ltr'>Colophonius</span> <span class='ocrx_word' id='word_1_52' title='bbox 1780 680 1897 737; x_wconf 89' lang='lat' dir='ltr'>Xe-</span> 
     </span>
     <span class='ocr_line' id='line_1_10' title="bbox 208 759 1895 836; baseline 0 -21"><span class='ocrx_word' id='word_1_53' title='bbox 208 760 520 836; x_wconf 89' lang='lat' dir='ltr'>nophanes,</span> <span class='ocrx_word' id='word_1_54' title='bbox 549 778 694 815; x_wconf 90' lang='lat' dir='ltr'>unus</span> <span class='ocrx_word' id='word_1_55' title='bbox 737 760 836 836; x_wconf 90' lang='lat' dir='ltr'>qui</span> <span class='ocrx_word' id='word_1_56' title='bbox 877 759 1016 816; x_wconf 90' lang='lat' dir='ltr'>deos</span> <span class='ocrx_word' id='word_1_57' title='bbox 1057 779 1179 816; x_wconf 87' lang='lat' dir='ltr'>esse</span> <span class='ocrx_word' id='word_1_58' title='bbox 1221 760 1450 831; x_wconf 92' lang='lat' dir='ltr'>diceret,</span> <span class='ocrx_word' id='word_1_59' title='bbox 1476 760 1895 817; x_wconf 89' lang='lat' dir='ltr'>divinationem</span> 
     </span>
     <span class='ocr_line' id='line_1_11' title="bbox 209 838 1897 915; baseline 0 -20"><span class='ocrx_word' id='word_1_60' title='bbox 209 839 474 895; x_wconf 84' lang='lat' dir='ltr'>funditus</span> <span class='ocrx_word' id='word_1_61' title='bbox 508 838 752 895; x_wconf 80' lang='lat' dir='ltr'>sustulit.</span> <span class='ocrx_word' id='word_1_62' title='bbox 838 838 1068 915; x_wconf 89' lang='lat' dir='ltr'>Reliqui</span> <span class='ocrx_word' id='word_1_63' title='bbox 1095 859 1231 896; x_wconf 88' lang='lat' dir='ltr'>vero</span> <span class='ocrx_word' id='word_1_64' title='bbox 1267 858 1466 896; x_wconf 89' lang='lat' dir='ltr'>omnes</span> <span class='ocrx_word' id='word_1_65' title='bbox 1498 847 1727 915; x_wconf 88' lang='lat' dir='ltr'>praeter</span> <span class='ocrx_word' id='word_1_66' title='bbox 1758 839 1897 915; x_wconf 88' lang='lat' dir='ltr'>Epi-</span> 
     </span>
     <span class='ocr_line' id='line_1_12' title="bbox 210 918 1892 976; baseline -0.001 0"><span class='ocrx_word' id='word_1_67' title='bbox 210 937 410 976; x_wconf 84' lang='lat' dir='ltr'>curum</span> <span class='ocrx_word' id='word_1_68' title='bbox 431 918 845 975; x_wconf 78' lang='lat' dir='ltr'>balbutientem</span> <span class='ocrx_word' id='word_1_69' title='bbox 875 919 947 975; x_wconf 92' lang='lat' dir='ltr'>de</span> <span class='ocrx_word' id='word_1_70' title='bbox 976 926 1180 976; x_wconf 87' lang='lat' dir='ltr'>natura</span> <span class='ocrx_word' id='word_1_71' title='bbox 1207 919 1446 976; x_wconf 91' lang='lat' dir='ltr'>deorum</span> <span class='ocrx_word' id='word_1_72' title='bbox 1477 919 1892 976; x_wconf 90' lang='lat' dir='ltr'>divinationem</span> 
     </span>
     <span class='ocr_line' id='line_1_13' title="bbox 210 998 1897 1075; baseline 0.001 -21"><span class='ocrx_word' id='word_1_73' title='bbox 210 998 612 1075; x_wconf 89' lang='lat' dir='ltr'>probaverunt,</span> <span class='ocrx_word' id='word_1_74' title='bbox 638 998 739 1055; x_wconf 84' lang='lat' dir='ltr'>sed.</span> <span class='ocrx_word' id='word_1_75' title='bbox 767 1018 882 1055; x_wconf 92' lang='lat' dir='ltr'>non</span> <span class='ocrx_word' id='word_1_76' title='bbox 916 1018 1034 1055; x_wconf 90' lang='lat' dir='ltr'>uno</span> <span class='ocrx_word' id='word_1_77' title='bbox 1063 1000 1257 1056; x_wconf 82' lang='lat' dir='ltr'>modo,</span> <span class='ocrx_word' id='word_1_78' title='bbox 1344 998 1498 1055; x_wconf 88' lang='lat' dir='ltr'>Nam</span> <span class='ocrx_word' id='word_1_79' title='bbox 1531 1018 1663 1056; x_wconf 92' lang='lat' dir='ltr'>cum</span> <span class='ocrx_word' id='word_1_80' title='bbox 1699 998 1897 1055; x_wconf 87' lang='lat' dir='ltr'>Socra·</span> 
     </span>
     <span class='ocr_line' id='line_1_14' title="bbox 211 1077 1897 1156; baseline 0 -21"><span class='ocrx_word' id='word_1_81' title='bbox 211 1085 298 1135; x_wconf 89' lang='lat' dir='ltr'>tes</span> <span class='ocrx_word' id='word_1_82' title='bbox 321 1097 631 1155; x_wconf 90' lang='lat' dir='ltr'>omnesque</span> <span class='ocrx_word' id='word_1_83' title='bbox 654 1077 931 1135; x_wconf 77' lang='lat' dir='ltr'>Socratici</span> <span class='ocrx_word' id='word_1_84' title='bbox 948 1078 1217 1155; x_wconf 91' lang='lat' dir='ltr'>Zenoque</span> <span class='ocrx_word' id='word_1_85' title='bbox 1240 1087 1297 1136; x_wconf 89' lang='lat' dir='ltr'>et</span> <span class='ocrx_word' id='word_1_86' title='bbox 1318 1079 1376 1146; x_wconf 91' lang='lat' dir='ltr'>ii,</span> <span class='ocrx_word' id='word_1_87' title='bbox 1398 1080 1498 1156; x_wconf 92' lang='lat' dir='ltr'>qui</span> <span class='ocrx_word' id='word_1_88' title='bbox 1518 1078 1590 1135; x_wconf 88' lang='lat' dir='ltr'>ab</span> <span class='ocrx_word' id='word_1_89' title='bbox 1614 1098 1682 1136; x_wconf 88' lang='lat' dir='ltr'>eo</span> <span class='ocrx_word' id='word_1_90' title='bbox 1705 1087 1897 1135; x_wconf 87' lang='lat' dir='ltr'>essent</span> 
     </span>
     <span class='ocr_line' id='line_1_15' title="bbox 212 1158 1898 1236; baseline 0.001 -23"><span class='ocrx_word' id='word_1_91' title='bbox 212 1158 475 1234; x_wconf 87' lang='lat' dir='ltr'>profecti,</span> <span class='ocrx_word' id='word_1_92' title='bbox 496 1165 793 1214; x_wconf 86' lang='lat' dir='ltr'>manerent</span> <span class='ocrx_word' id='word_1_93' title='bbox 810 1158 871 1214; x_wconf 93' lang='lat' dir='ltr'>in</span> <span class='ocrx_word' id='word_1_94' title='bbox 890 1160 1259 1236; x_wconf 89' lang='lat' dir='ltr'>antiquorum</span> <span class='ocrx_word' id='word_1_95' title='bbox 1277 1158 1752 1235; x_wconf 88' lang='lat' dir='ltr'>philosophorum</span> <span class='ocrx_word' id='word_1_96' title='bbox 1773 1177 1898 1215; x_wconf 90' lang='lat' dir='ltr'>sen-</span> 
     </span>
     <span class='ocr_line' id='line_1_16' title="bbox 212 1238 1899 1315; baseline 0 -21"><span class='ocrx_word' id='word_1_97' title='bbox 212 1238 395 1294; x_wconf 87' lang='lat' dir='ltr'>tentia</span> <span class='ocrx_word' id='word_1_98' title='bbox 421 1245 609 1295; x_wconf 89' lang='lat' dir='ltr'>veterc</span> <span class='ocrx_word' id='word_1_99' title='bbox 630 1238 950 1295; x_wconf 88' lang='lat' dir='ltr'>Academia</span> <span class='ocrx_word' id='word_1_100' title='bbox 977 1246 1035 1295; x_wconf 94' lang='lat' dir='ltr'>et</span> <span class='ocrx_word' id='word_1_101' title='bbox 1064 1238 1463 1315; x_wconf 84' lang='lat' dir='ltr'>Peripateticis</span> <span class='ocrx_word' id='word_1_102' title='bbox 1491 1238 1899 1295; x_wconf 89' lang='lat' dir='ltr'>consentienti-</span> 
     </span>
     <span class='ocr_line' id='line_1_17' title="bbox 213 1317 1899 1395; baseline 0 -21"><span class='ocrx_word' id='word_1_103' title='bbox 213 1317 336 1388; x_wconf 78' lang='lat' dir='ltr'>buS,</span> <span class='ocrx_word' id='word_1_104' title='bbox 358 1337 604 1394; x_wconf 88' lang='lat' dir='ltr'>cumque</span> <span class='ocrx_word' id='word_1_105' title='bbox 638 1318 772 1375; x_wconf 88' lang='lat' dir='ltr'>huic</span> <span class='ocrx_word' id='word_1_106' title='bbox 813 1319 896 1375; x_wconf 90' lang='lat' dir='ltr'>rei</span> <span class='ocrx_word' id='word_1_107' title='bbox 933 1318 1208 1395; x_wconf 83' lang='lat' dir='ltr'>magnam</span> <span class='ocrx_word' id='word_1_108' title='bbox 1248 1319 1647 1375; x_wconf 89' lang='lat' dir='ltr'>auctoritatem</span> <span class='ocrx_word' id='word_1_109' title='bbox 1682 1317 1899 1394; x_wconf 85' lang='lat' dir='ltr'>Pytha—</span> 
     </span>
     <span class='ocr_line' id='line_1_18' title="bbox 213 1397 1899 1475; baseline 0.001 -22"><span class='ocrx_word' id='word_1_110' title='bbox 213 1417 381 1474; x_wconf 88' lang='lat' dir='ltr'>goras</span> <span class='ocrx_word' id='word_1_111' title='bbox 409 1398 523 1454; x_wconf 90' lang='lat' dir='ltr'>iam</span> <span class='ocrx_word' id='word_1_112' title='bbox 553 1405 686 1454; x_wconf 90' lang='lat' dir='ltr'>ante</span> <span class='ocrx_word' id='word_1_113' title='bbox 707 1398 1015 1469; x_wconf 87' lang='lat' dir='ltr'>tribuisset,</span> <span class='ocrx_word' id='word_1_114' title='bbox 1043 1399 1143 1474; x_wconf 92' lang='lat' dir='ltr'>qui</span> <span class='ocrx_word' id='word_1_115' title='bbox 1172 1398 1344 1455; x_wconf 90' lang='lat' dir='ltr'>etiam</span> <span class='ocrx_word' id='word_1_116' title='bbox 1373 1399 1496 1475; x_wconf 91' lang='lat' dir='ltr'>ipse</span> <span class='ocrx_word' id='word_1_117' title='bbox 1525 1417 1707 1475; x_wconf 86' lang='lat' dir='ltr'>augur</span> <span class='ocrx_word' id='word_1_118' title='bbox 1727 1397 1899 1455; x_wconf 83' lang='lat' dir='ltr'>vellet</span> 
     </span>
     <span class='ocr_line' id='line_1_19' title="bbox 215 1477 1901 1554; baseline -0.001 -20"><span class='ocrx_word' id='word_1_119' title='bbox 215 1497 351 1548; x_wconf 89' lang='lat' dir='ltr'>esse,</span> <span class='ocrx_word' id='word_1_120' title='bbox 374 1478 747 1554; x_wconf 87' lang='lat' dir='ltr'>plurimisque</span> <span class='ocrx_word' id='word_1_121' title='bbox 765 1477 904 1535; x_wconf 89' lang='lat' dir='ltr'>locis</span> <span class='ocrx_word' id='word_1_122' title='bbox 925 1479 1115 1554; x_wconf 82' lang='lat' dir='ltr'>gravis</span> <span class='ocrx_word' id='word_1_123' title='bbox 1136 1484 1335 1535; x_wconf 88' lang='lat' dir='ltr'>auctor</span> <span class='ocrx_word' id='word_1_124' title='bbox 1351 1478 1721 1540; x_wconf 88' lang='lat' dir='ltr'>Democritus</span> <span class='ocrx_word' id='word_1_125' title='bbox 1741 1497 1901 1554; x_wconf 91' lang='lat' dir='ltr'>prae-</span> 
     </span>
     <span class='ocr_line' id='line_1_20' title="bbox 217 1557 1901 1633; baseline -0.001 -19"><span class='ocrx_word' id='word_1_126' title='bbox 217 1558 537 1615; x_wconf 88' lang='lat' dir='ltr'>sensionem</span> <span class='ocrx_word' id='word_1_127' title='bbox 593 1576 781 1614; x_wconf 90' lang='lat' dir='ltr'>rerum</span> <span class='ocrx_word' id='word_1_128' title='bbox 843 1558 1167 1614; x_wconf 88' lang='lat' dir='ltr'>futurarum</span> <span class='ocrx_word' id='word_1_129' title='bbox 1229 1558 1644 1633; x_wconf 88' lang='lat' dir='ltr'>comprobaret,</span> <span class='ocrx_word' id='word_1_130' title='bbox 1696 1557 1901 1614; x_wconf 89' lang='lat' dir='ltr'>Dicae-</span> 
     </span>
     <span class='ocr_line' id='line_1_21' title="bbox 216 1637 1902 1714; baseline -0.002 -20"><span class='ocrx_word' id='word_1_131' title='bbox 216 1638 419 1695; x_wconf 88' lang='lat' dir='ltr'>archus</span> <span class='ocrx_word' id='word_1_132' title='bbox 453 1637 870 1714; x_wconf 89' lang='lat' dir='ltr'>Peripateticus</span> <span class='ocrx_word' id='word_1_133' title='bbox 912 1644 1099 1694; x_wconf 74' lang='lat' dir='ltr'>ceteia</span> <span class='ocrx_word' id='word_1_134' title='bbox 1133 1638 1503 1694; x_wconf 87' lang='lat' dir='ltr'>divinationis</span> <span class='ocrx_word' id='word_1_135' title='bbox 1540 1656 1749 1714; x_wconf 82' lang='lat' dir='ltr'>genera</span> <span class='ocrx_word' id='word_1_136' title='bbox 1783 1656 1902 1694; x_wconf 89' lang='lat' dir='ltr'>sus-</span> 
     </span>
     <span class='ocr_line' id='line_1_22' title="bbox 216 1717 1901 1795; baseline -0.001 -20"><span class='ocrx_word' id='word_1_137' title='bbox 216 1719 367 1788; x_wconf 89' lang='lat' dir='ltr'>tulit,</span> <span class='ocrx_word' id='word_1_138' title='bbox 406 1719 761 1775; x_wconf 89' lang='lat' dir='ltr'>somniorum</span> <span class='ocrx_word' id='word_1_139' title='bbox 817 1725 876 1775; x_wconf 91' lang='lat' dir='ltr'>et</span> <span class='ocrx_word' id='word_1_140' title='bbox 929 1717 1143 1775; x_wconf 87' lang='lat' dir='ltr'>furoris</span> <span class='ocrx_word' id='word_1_141' title='bbox 1196 1718 1444 1795; x_wconf 90' lang='lat' dir='ltr'>reliquit,</span> <span class='ocrx_word' id='word_1_142' title='bbox 1476 1717 1901 1795; x_wconf 87' lang='lat' dir='ltr'>Cratippusque</span> 
     </span>
     <span class='ocr_line' id='line_1_23' title="bbox 217 1797 1904 1875; baseline 0 -21"><span class='ocrx_word' id='word_1_143' title='bbox 217 1797 515 1854; x_wconf 82' lang='lat' dir='ltr'>familiaris</span> <span class='ocrx_word' id='word_1_144' title='bbox 543 1806 754 1869; x_wconf 88' lang='lat' dir='ltr'>noster,</span> <span class='ocrx_word' id='word_1_145' title='bbox 781 1817 951 1875; x_wconf 91' lang='lat' dir='ltr'>quem</span> <span class='ocrx_word' id='word_1_146' title='bbox 980 1817 1088 1874; x_wconf 84' lang='lat' dir='ltr'>ego</span> <span class='ocrx_word' id='word_1_147' title='bbox 1118 1817 1313 1874; x_wconf 90' lang='lat' dir='ltr'>parem</span> <span class='ocrx_word' id='word_1_148' title='bbox 1344 1798 1583 1855; x_wconf 91' lang='lat' dir='ltr'>summis</span> <span class='ocrx_word' id='word_1_149' title='bbox 1610 1797 1904 1874; x_wconf 88' lang='lat' dir='ltr'>Peripate-</span> 
     </span>
     <span class='ocr_line' id='line_1_24' title="bbox 217 1877 1903 1954; baseline -0.001 -20"><span class='ocrx_word' id='word_1_150' title='bbox 217 1878 348 1935; x_wconf 90' lang='lat' dir='ltr'>ticis</span> <span class='ocrx_word' id='word_1_151' title='bbox 377 1878 586 1948; x_wconf 86' lang='lat' dir='ltr'>iudicO,</span> <span class='ocrx_word' id='word_1_152' title='bbox 607 1878 812 1934; x_wconf 89' lang='lat' dir='ltr'>iisdem</span> <span class='ocrx_word' id='word_1_153' title='bbox 854 1878 1022 1934; x_wconf 86' lang='lat' dir='ltr'>rebus</span> <span class='ocrx_word' id='word_1_154' title='bbox 1056 1877 1231 1935; x_wconf 91' lang='lat' dir='ltr'>fidem</span> <span class='ocrx_word' id='word_1_155' title='bbox 1264 1877 1483 1948; x_wconf 91' lang='lat' dir='ltr'>tribuit,</span> <span class='ocrx_word' id='word_1_156' title='bbox 1510 1877 1726 1954; x_wconf 88' lang='lat' dir='ltr'>reliqua</span> <span class='ocrx_word' id='word_1_157' title='bbox 1759 1877 1903 1934; x_wconf 87' lang='lat' dir='ltr'>divi-</span> 
     </span>
     <span class='ocr_line' id='line_1_25' title="bbox 217 1956 1904 2033; baseline -0.001 -19"><span class='ocrx_word' id='word_1_158' title='bbox 217 1958 471 2014; x_wconf 88' lang='lat' dir='ltr'>nationis</span> <span class='ocrx_word' id='word_1_159' title='bbox 512 1976 721 2033; x_wconf 85' lang='lat' dir='ltr'>genera</span> <span class='ocrx_word' id='word_1_160' title='bbox 760 1958 971 2015; x_wconf 90' lang='lat' dir='ltr'>reiecit.</span> <span class='ocrx_word' id='word_1_161' title='bbox 1059 1963 1111 2015; x_wconf 90' lang='lat'>6.</span> <span class='ocrx_word' id='word_1_162' title='bbox 1159 1956 1273 2014; x_wconf 86' lang='lat' dir='ltr'>Sed</span> <span class='ocrx_word' id='word_1_163' title='bbox 1314 1977 1446 2014; x_wconf 91' lang='lat' dir='ltr'>cum</span> <span class='ocrx_word' id='word_1_164' title='bbox 1482 1956 1665 2014; x_wconf 86' lang='lat' dir='ltr'>Stoici</span> <span class='ocrx_word' id='word_1_165' title='bbox 1706 1958 1904 2014; x_wconf 85' lang='lat' dir='ltr'>omnia</span> 
     </span>
     <span class='ocr_line' id='line_1_26' title="bbox 219 2037 1906 2114; baseline -0.001 -21"><span class='ocrx_word' id='word_1_166' title='bbox 219 2038 341 2094; x_wconf 84' lang='lat' dir='ltr'>fere</span> <span class='ocrx_word' id='word_1_167' title='bbox 369 2037 467 2093; x_wconf 92' lang='lat' dir='ltr'>illa</span> <span class='ocrx_word' id='word_1_168' title='bbox 493 2037 885 2108; x_wconf 84' lang='lat' dir='ltr'>defenderent,</span> <span class='ocrx_word' id='word_1_169' title='bbox 909 2037 1063 2114; x_wconf 91' lang='lat' dir='ltr'>quod</span> <span class='ocrx_word' id='word_1_170' title='bbox 1094 2044 1153 2094; x_wconf 92' lang='lat' dir='ltr'>et</span> <span class='ocrx_word' id='word_1_171' title='bbox 1185 2037 1338 2094; x_wconf 92' lang='lat' dir='ltr'>Zeno</span> <span class='ocrx_word' id='word_1_172' title='bbox 1367 2038 1426 2094; x_wconf 88' lang='lat' dir='ltr'>in</span> <span class='ocrx_word' id='word_1_173' title='bbox 1463 2037 1580 2093; x_wconf 91' lang='lat' dir='ltr'>suis</span> <span class='ocrx_word' id='word_1_174' title='bbox 1614 2056 1906 2093; x_wconf 91' lang='lat' dir='ltr'>commen-</span> 
     </span>
     <span class='ocr_line' id='line_1_27' title="bbox 219 2115 1905 2194; baseline -0.001 -20"><span class='ocrx_word' id='word_1_175' title='bbox 219 2117 380 2174; x_wconf 90' lang='lat' dir='ltr'>tariis</span> <span class='ocrx_word' id='word_1_176' title='bbox 399 2117 559 2194; x_wconf 88' lang='lat' dir='ltr'>quasi</span> <span class='ocrx_word' id='word_1_177' title='bbox 582 2118 800 2174; x_wconf 90' lang='lat' dir='ltr'>semina</span> <span class='ocrx_word' id='word_1_178' title='bbox 818 2117 1093 2194; x_wconf 86' lang='lat' dir='ltr'>quaedam</span> <span class='ocrx_word' id='word_1_179' title='bbox 1120 2118 1416 2194; x_wconf 88' lang='lat' dir='ltr'>sparsisset</span> <span class='ocrx_word' id='word_1_180' title='bbox 1433 2123 1491 2173; x_wconf 91' lang='lat' dir='ltr'>et</span> <span class='ocrx_word' id='word_1_181' title='bbox 1513 2136 1579 2174; x_wconf 89' lang='lat' dir='ltr'>ea</span> <span class='ocrx_word' id='word_1_182' title='bbox 1596 2115 1905 2174; x_wconf 87' lang='lat' dir='ltr'>Cleanthes</span> 
     </span>
     <span class='ocr_line' id='line_1_28' title="bbox 220 2196 1903 2273; baseline -0.001 -19"><span class='ocrx_word' id='word_1_183' title='bbox 220 2198 393 2273; x_wconf 91' lang='lat' dir='ltr'>paulo</span> <span class='ocrx_word' id='word_1_184' title='bbox 428 2197 691 2254; x_wconf 87' lang='lat' dir='ltr'>uberiora</span> <span class='ocrx_word' id='word_1_185' title='bbox 722 2197 968 2268; x_wconf 86' lang='lat' dir='ltr'>fecisset,</span> <span class='ocrx_word' id='word_1_186' title='bbox 993 2197 1229 2254; x_wconf 89' lang='lat' dir='ltr'>accessit</span> <span class='ocrx_word' id='word_1_187' title='bbox 1257 2197 1532 2254; x_wconf 88' lang='lat' dir='ltr'>acerrimo</span> <span class='ocrx_word' id='word_1_188' title='bbox 1554 2197 1641 2253; x_wconf 89' lang='lat' dir='ltr'>vir</span> <span class='ocrx_word' id='word_1_189' title='bbox 1668 2196 1903 2272; x_wconf 85' lang='lat' dir='ltr'>ingenio</span> 
     </span>
     <span class='ocr_line' id='line_1_29' title="bbox 222 2275 1906 2354; baseline -0.001 -20"><span class='ocrx_word' id='word_1_190' title='bbox 222 2278 598 2353; x_wconf 79' lang='lat' dir='ltr'>ChrysippuS,</span> <span class='ocrx_word' id='word_1_191' title='bbox 631 2277 730 2354; x_wconf 90' lang='lat' dir='ltr'>qui</span> <span class='ocrx_word' id='word_1_192' title='bbox 763 2284 948 2333; x_wconf 91' lang='lat' dir='ltr'>totam</span> <span class='ocrx_word' id='word_1_193' title='bbox 983 2276 1054 2334; x_wconf 91' lang='lat' dir='ltr'>de</span> <span class='ocrx_word' id='word_1_194' title='bbox 1088 2277 1442 2334; x_wconf 82' lang='lat' dir='ltr'>divinatione</span> <span class='ocrx_word' id='word_1_195' title='bbox 1484 2276 1712 2333; x_wconf 90' lang='lat' dir='ltr'>duobus</span> <span class='ocrx_word' id='word_1_196' title='bbox 1745 2275 1906 2333; x_wconf 92' lang='lat' dir='ltr'>libris</span> 
     </span>
     <span class='ocr_line' id='line_1_30' title="bbox 222 2357 1906 2434; baseline -0.001 -20"><span class='ocrx_word' id='word_1_197' title='bbox 222 2358 526 2434; x_wconf 88' lang='lat' dir='ltr'>explicavit</span> <span class='ocrx_word' id='word_1_198' title='bbox 556 2357 915 2426; x_wconf 88' lang='lat' dir='ltr'>sententiam,</span> <span class='ocrx_word' id='word_1_199' title='bbox 940 2376 1055 2413; x_wconf 89' lang='lat' dir='ltr'>uno</span> <span class='ocrx_word' id='word_1_200' title='bbox 1084 2364 1376 2433; x_wconf 87' lang='lat' dir='ltr'>praeterea</span> <span class='ocrx_word' id='word_1_201' title='bbox 1403 2357 1474 2413; x_wconf 94' lang='lat' dir='ltr'>de</span> <span class='ocrx_word' id='word_1_202' title='bbox 1504 2357 1761 2426; x_wconf 78' lang='lat' dir='ltr'>oraculiS,</span> <span class='ocrx_word' id='word_1_203' title='bbox 1787 2376 1906 2413; x_wconf 92' lang='lat' dir='ltr'>uno</span> 
     </span>
     <span class='ocr_line' id='line_1_31' title="bbox 223 2435 1909 2514; baseline -0.002 -19"><span class='ocrx_word' id='word_1_204' title='bbox 223 2438 295 2495; x_wconf 90' lang='lat' dir='ltr'>de</span> <span class='ocrx_word' id='word_1_205' title='bbox 325 2437 594 2495; x_wconf 88' lang='lat' dir='ltr'>somniis:</span> <span class='ocrx_word' id='word_1_206' title='bbox 632 2455 802 2514; x_wconf 90' lang='lat' dir='ltr'>quem</span> <span class='ocrx_word' id='word_1_207' title='bbox 832 2436 1181 2513; x_wconf 90' lang='lat' dir='ltr'>subsequens</span> <span class='ocrx_word' id='word_1_208' title='bbox 1209 2456 1387 2494; x_wconf 90' lang='lat' dir='ltr'>unum</span> <span class='ocrx_word' id='word_1_209' title='bbox 1418 2436 1629 2493; x_wconf 87' lang='lat' dir='ltr'>librum</span> <span class='ocrx_word' id='word_1_210' title='bbox 1657 2435 1909 2512; x_wconf 88' lang='lat' dir='ltr'>Babylo-</span> 
     </span>
     <span class='ocr_line' id='line_1_32' title="bbox 223 2516 1904 2593; baseline -0.001 -19"><span class='ocrx_word' id='word_1_211' title='bbox 223 2519 353 2575; x_wconf 92' lang='lat' dir='ltr'>nius</span> <span class='ocrx_word' id='word_1_212' title='bbox 397 2517 692 2593; x_wconf 86' lang='lat' dir='ltr'>Diogenes</span> <span class='ocrx_word' id='word_1_213' title='bbox 733 2517 933 2588; x_wconf 89' lang='lat' dir='ltr'>edidit,</span> <span class='ocrx_word' id='word_1_214' title='bbox 966 2517 1088 2573; x_wconf 91' lang='lat' dir='ltr'>eius</span> <span class='ocrx_word' id='word_1_215' title='bbox 1133 2517 1377 2587; x_wconf 90' lang='lat' dir='ltr'>auditor,</span> <span class='ocrx_word' id='word_1_216' title='bbox 1409 2517 1526 2573; x_wconf 91' lang='lat' dir='ltr'>duo</span> <span class='ocrx_word' id='word_1_217' title='bbox 1575 2516 1904 2592; x_wconf 87' lang='lat' dir='ltr'>Antipater,</span> 
     </span>
     <span class='ocr_line' id='line_1_33' title="bbox 225 2596 1909 2675; baseline -0.002 -21"><span class='ocrx_word' id='word_1_218' title='bbox 225 2599 479 2675; x_wconf 89' lang='lat' dir='ltr'>quinque</span> <span class='ocrx_word' id='word_1_219' title='bbox 507 2605 701 2654; x_wconf 87' lang='lat' dir='ltr'>noster</span> <span class='ocrx_word' id='word_1_220' title='bbox 728 2596 1093 2654; x_wconf 75' lang='lat' dir='ltr'>Posidonius,</span> <span class='ocrx_word' id='word_1_221' title='bbox 1180 2596 1295 2654; x_wconf 86' lang='lat' dir='ltr'>Sed</span> <span class='ocrx_word' id='word_1_222' title='bbox 1327 2616 1362 2653; x_wconf 92' lang='lat' dir='ltr'>a</span> <span class='ocrx_word' id='word_1_223' title='bbox 1394 2596 1604 2654; x_wconf 90' lang='lat' dir='ltr'>Stoicis</span> <span class='ocrx_word' id='word_1_224' title='bbox 1633 2596 1721 2654; x_wconf 88' lang='lat' dir='ltr'>vel</span> <span class='ocrx_word' id='word_1_225' title='bbox 1754 2596 1909 2673; x_wconf 87' lang='lat' dir='ltr'>prin-</span> 
     </span>
     <span class='ocr_line' id='line_1_34' title="bbox 225 2674 1909 2754; baseline -0.002 -19"><span class='ocrx_word' id='word_1_226' title='bbox 225 2697 358 2754; x_wconf 85' lang='lat' dir='ltr'>ceps</span> <span class='ocrx_word' id='word_1_227' title='bbox 407 2679 528 2735; x_wconf 91' lang='lat' dir='ltr'>eius</span> <span class='ocrx_word' id='word_1_228' title='bbox 577 2677 926 2754; x_wconf 89' lang='lat' dir='ltr'>disciplinae,</span> <span class='ocrx_word' id='word_1_229' title='bbox 971 2677 1275 2734; x_wconf 91' lang='lat' dir='ltr'>Posidonii</span> <span class='ocrx_word' id='word_1_230' title='bbox 1325 2676 1542 2747; x_wconf 91' lang='lat' dir='ltr'>doctor,</span> <span class='ocrx_word' id='word_1_231' title='bbox 1592 2674 1909 2753; x_wconf 90' lang='lat' dir='ltr'>discipulus</span> 
     </span>
     <span class='ocr_line' id='line_1_35' title="bbox 225 2757 1909 2849; baseline -0.002 -35"><span class='ocrx_word' id='word_1_232' title='bbox 225 2757 538 2835; x_wconf 85' lang='lat' dir='ltr'>Antipatri,</span> <span class='ocrx_word' id='word_1_233' title='bbox 573 2758 940 2849; x_wconf 81' lang='lat' dir='ltr'>degeneravit</span> <span class='ocrx_word' id='word_1_234' title='bbox 984 2757 1310 2827; x_wconf 79' lang='lat' dir='ltr'>PanaetiuS,</span> <span class='ocrx_word' id='word_1_235' title='bbox 1342 2776 1447 2814; x_wconf 90' lang='lat' dir='ltr'>nec</span> <span class='ocrx_word' id='word_1_236' title='bbox 1491 2764 1686 2813; x_wconf 89' lang='lat' dir='ltr'>tamen</span> <span class='ocrx_word' id='word_1_237' title='bbox 1736 2775 1909 2812; x_wconf 89' lang='lat' dir='ltr'>ausus</span> 
     </span>
     <span class='ocr_line' id='line_1_36' title="bbox 226 2835 1904 2913; baseline -0.001 -19"><span class='ocrx_word' id='word_1_238' title='bbox 226 2844 313 2894; x_wconf 93' lang='lat' dir='ltr'>est</span> <span class='ocrx_word' id='word_1_239' title='bbox 340 2856 548 2913; x_wconf 82' lang='lat' dir='ltr'>negare</span> <span class='ocrx_word' id='word_1_240' title='bbox 577 2838 695 2894; x_wconf 91' lang='lat' dir='ltr'>vim</span> <span class='ocrx_word' id='word_1_241' title='bbox 729 2856 849 2894; x_wconf 92' lang='lat' dir='ltr'>esse</span> <span class='ocrx_word' id='word_1_242' title='bbox 878 2836 1191 2907; x_wconf 88' lang='lat' dir='ltr'>divinandi,</span> <span class='ocrx_word' id='word_1_243' title='bbox 1218 2837 1317 2893; x_wconf 89' lang='lat' dir='ltr'>sed</span> <span class='ocrx_word' id='word_1_244' title='bbox 1351 2835 1612 2893; x_wconf 88' lang='lat' dir='ltr'>dubitare</span> <span class='ocrx_word' id='word_1_245' title='bbox 1647 2855 1706 2893; x_wconf 88' lang='lat' dir='ltr'>se</span> <span class='ocrx_word' id='word_1_246' title='bbox 1740 2835 1904 2892; x_wconf 85' lang='lat' dir='ltr'>dixit.</span> 
     </span>
     <span class='ocr_line' id='line_1_37' title="bbox 227 2915 1911 2993; baseline -0.002 -20"><span class='ocrx_word' id='word_1_247' title='bbox 227 2916 398 2984; x_wconf 80' lang='lat' dir='ltr'>Quod</span> <span class='ocrx_word' id='word_1_248' title='bbox 432 2916 514 2972; x_wconf 91' lang='lat' dir='ltr'>illi</span> <span class='ocrx_word' id='word_1_249' title='bbox 548 2917 608 2973; x_wconf 88' lang='lat' dir='ltr'>in</span> <span class='ocrx_word' id='word_1_250' title='bbox 643 2917 833 2993; x_wconf 87' lang='lat' dir='ltr'>aliqua</span> <span class='ocrx_word' id='word_1_251' title='bbox 864 2936 924 2973; x_wconf 88' lang='lat' dir='ltr'>re</span> <span class='ocrx_word' id='word_1_252' title='bbox 957 2917 1316 2973; x_wconf 88' lang='lat' dir='ltr'>invitissimis</span> <span class='ocrx_word' id='word_1_253' title='bbox 1350 2915 1561 2973; x_wconf 89' lang='lat' dir='ltr'>Stoicis</span> <span class='ocrx_word' id='word_1_254' title='bbox 1595 2915 1793 2973; x_wconf 86' lang='lat' dir='ltr'>Stoico</span> <span class='ocrx_word' id='word_1_255' title='bbox 1826 2916 1911 2970; x_wconf 84' lang='lat' dir='ltr'>fa-</span> 
     </span>
     <span class='ocr_line' id='line_1_38' title="bbox 228 2995 1912 3072; baseline 0 -21"><span class='ocrx_word' id='word_1_256' title='bbox 228 3015 353 3052; x_wconf 90' lang='lat' dir='ltr'>cere</span> <span class='ocrx_word' id='word_1_257' title='bbox 394 2995 572 3066; x_wconf 88' lang='lat' dir='ltr'>licuit,</span> <span class='ocrx_word' id='word_1_258' title='bbox 599 2995 660 3051; x_wconf 92' lang='lat' dir='ltr'>id</span> <span class='ocrx_word' id='word_1_259' title='bbox 705 3015 810 3052; x_wconf 92' lang='lat' dir='ltr'>nos</span> <span class='ocrx_word' id='word_1_260' title='bbox 854 3003 920 3052; x_wconf 91' lang='lat' dir='ltr'>ut</span> <span class='ocrx_word' id='word_1_261' title='bbox 964 2996 1023 3052; x_wconf 92' lang='lat' dir='ltr'>in</span> <span class='ocrx_word' id='word_1_262' title='bbox 1068 2995 1300 3072; x_wconf 89' lang='lat' dir='ltr'>reliquis</span> <span class='ocrx_word' id='word_1_263' title='bbox 1344 2995 1512 3052; x_wconf 90' lang='lat' dir='ltr'>rebus</span> <span class='ocrx_word' id='word_1_264' title='bbox 1556 2996 1835 3052; x_wconf 80' lang='lat' dir='ltr'>faciamus</span> <span class='ocrx_word' id='word_1_265' title='bbox 1878 3014 1912 3051; x_wconf 87' lang='lat' dir='ltr'>a</span> 
     </span>
     <span class='ocr_line' id='line_1_39' title="bbox 230 3074 1912 3150; baseline 0.001 -20"><span class='ocrx_word' id='word_1_266' title='bbox 230 3074 440 3131; x_wconf 87' lang='lat' dir='ltr'>Stoicis</span> <span class='ocrx_word' id='word_1_267' title='bbox 473 3093 588 3131; x_wconf 92' lang='lat' dir='ltr'>non</span> <span class='ocrx_word' id='word_1_268' title='bbox 624 3074 1004 3132; x_wconf 61' lang='lat' dir='ltr'>concedetur?</span> <span class='ocrx_word' id='word_1_269' title='bbox 1045 3076 1377 3150; x_wconf 85' lang='lat' dir='ltr'>praesertim</span> <span class='ocrx_word' id='word_1_270' title='bbox 1411 3094 1542 3131; x_wconf 86' lang='lat' dir='ltr'>cum</span> <span class='ocrx_word' id='word_1_271' title='bbox 1575 3075 1656 3146; x_wconf 89' lang='lat' dir='ltr'>id,</span> <span class='ocrx_word' id='word_1_272' title='bbox 1687 3075 1759 3132; x_wconf 91' lang='lat' dir='ltr'>de</span> <span class='ocrx_word' id='word_1_273' title='bbox 1794 3094 1912 3150; x_wconf 93' lang='lat' dir='ltr'>quo</span> 
     </span>
     <span class='ocr_line' id='line_1_40' title="bbox 230 3153 1913 3230; baseline 0.002 -21"><span class='ocrx_word' id='word_1_274' title='bbox 230 3153 508 3210; x_wconf 89' lang='lat' dir='ltr'>Panaetio</span> <span class='ocrx_word' id='word_1_275' title='bbox 530 3172 648 3211; x_wconf 91' lang='lat' dir='ltr'>non</span> <span class='ocrx_word' id='word_1_276' title='bbox 670 3154 868 3229; x_wconf 90' lang='lat' dir='ltr'>liquet,</span> <span class='ocrx_word' id='word_1_277' title='bbox 888 3153 1122 3230; x_wconf 88' lang='lat' dir='ltr'>reliquis</span> <span class='ocrx_word' id='word_1_278' title='bbox 1143 3155 1395 3211; x_wconf 89' lang='lat' dir='ltr'>eiusdem</span> <span class='ocrx_word' id='word_1_279' title='bbox 1418 3154 1753 3230; x_wconf 88' lang='lat' dir='ltr'>disciplinae</span> <span class='ocrx_word' id='word_1_280' title='bbox 1776 3154 1913 3212; x_wconf 84' lang='lat' dir='ltr'>solis</span> 
     </span>
    </p>
   </div>
  </div>
 </body>
</html>
