2205 3431
262 124 355 169 154
779 122 877 170 DE
913 122 1418 172 DIVINATIONE.

453 219 665 281 Templa
682 219 927 283 deumque
944 221 1070 269 adeo
1086 221 1302 269 flammis
1320 222 1589 283 urbemque
1604 221 1841 269 iubebant

453 285 659 346 Eripere
676 294 726 333 et
745 292 959 345 stragem
980 286 1260 335 horribilem
1278 286 1580 349 eaedemque
1599 288 1777 334 vereri:

454 352 622 411 Atque
646 350 767 398 llaec
790 350 893 398 fixa
916 352 1054 410 gravi
1078 351 1181 398 fato
1203 367 1262 399 ac
1285 351 1493 399 fundata
1516 351 1687 410 teneri,

453 415 520 462 Ni
546 415 678 476 prius
702 415 952 463 excelsum
976 415 1042 463 ad
1064 416 1291 463 columen
1317 417 1529 464 formata
1553 417 1730 465 decore

453 481 637 528 Sancta
660 481 793 528 Iovis
816 482 1002 543 species
1022 481 1181 528 claros
1204 491 1448 543 spectaret
1470 483 1517 529 in
1543 493 1711 530 ortus:

452 547 583 594 Tum
602 546 707 594 fore
725 556 778 592 ut
794 546 1013 594 occultos
1031 546 1239 609 populus
1257 557 1553 609 sanctusque
1568 557 1765 596 senatus

454 612 667 659 Cernere
689 621 895 659 conatus
919 621 1098 673 posset,
1121 613 1160 658 si
1186 611 1302 660 solis
1325 612 1390 660 ad
1413 622 1577 660 ortum

454 676 718 736 Conversa,
742 676 859 724 inde
880 686 1074 739 patrum
1101 678 1242 725 sedes
1260 677 1523 740 populique
1542 677 1742 727 videret.

260 734 354 786 21.
453 741 594 790 Haec
619 741 814 789 tardata
836 742 921 789 diu
946 742 1134 804 species
1157 743 1467 805 multumque
1490 753 1684 791 morata

453 806 668 855 Consule
691 816 740 855 te
763 807 964 855 tandem
989 808 1123 855 celsa
1144 818 1219 855 est
1240 810 1289 855 in
1316 809 1432 856 sede
1455 808 1644 857 locata:

450 872 622 934 Atque
647 887 746 919 una.
768 872 858 919 fixi
882 887 939 920 ac
962 872 1145 931 signati
1171 875 1406 935 temporis
1430 873 1553 920 hora.

453 936 673 998 Iuppiter
694 938 895 986 excelsa
917 938 1137 985 clarabat
1154 949 1346 999 sceptra
1367 938 1611 998 columna,

452 1002 520 1048 Et
540 1002 705 1051 clades
727 1004 918 1064 patriae
940 1003 1144 1051 flamma
1169 1004 1395 1066 ferroque
1418 1014 1593 1065 parata

450 1067 672 1115 Vocibus
692 1068 1016 1128 Allobrogum
1034 1068 1255 1130 patribus
1274 1069 1548 1131 populoque
1567 1070 1779 1131 patebat.

257 1118 424 1176 XIII.
500 1132 615 1180 Rite
635 1133 785 1192 igitur
800 1144 1005 1193 vetereS,
1026 1149 1238 1196 quorum
1256 1144 1576 1182 monumenta
1594 1135 1785 1195 tenetis,

453 1196 550 1256 Qui
570 1198 773 1259 populos
794 1199 969 1261 urbesq
977 1213 1036 1246 ne
1053 1198 1206 1247 modo
1224 1214 1283 1247 ac
1301 1200 1479 1247 virtute
1499 1200 1748 1261 regebant,

450 1262 566 1311 Rite
588 1263 739 1312 etiam
762 1264 926 1322 vestri,
950 1279 1162 1326 quorum
1187 1265 1441 1328 pietasque
1464 1265 1683 1328 fidesque

450 1328 706 1376 Praestitit
727 1337 777 1376 et
799 1329 946 1389 louge
970 1330 1087 1378 vicit
1111 1331 1354 1392 sapientia
1376 1340 1599 1391 cunctos,

450 1393 724 1456 Praecipue
746 1394 941 1442 coluere
962 1395 1148 1454 vigenti
1167 1396 1369 1444 numine
1392 1396 1546 1445 divos.

451 1458 590 1506 Haec
614 1459 739 1508 adeo
763 1460 956 1521 penitus
978 1475 1098 1507 cura
1120 1461 1286 1509 videre
1309 1462 1478 1520 sagaci

451 1524 569 1571 Otia
590 1526 675 1586 qui
698 1526 872 1572 studiis
895 1525 1009 1573 laeti
1034 1534 1234 1575 tenuere
1257 1525 1463 1587 decoris,

257 1581 350 1634 22.
453 1588 608 1650 Inque
631 1590 909 1638 Academia
932 1591 1200 1638 umbrifera
1221 1591 1478 1653 nitidoque
1501 1591 1656 1655 Lycio

448 1654 707 1703 Fuderunt
729 1656 886 1704 claras
910 1656 1112 1704 fecundi
1136 1656 1347 1719 pectoris
1370 1665 1518 1705 artes.

449 1721 495 1767 E
519 1722 696 1783 quibus
719 1731 939 1784 ereptum
965 1723 1123 1784 primo
1146 1723 1245 1770 iam
1270 1738 1301 1770 a
1323 1723 1445 1771 flore
1466 1723 1694 1771 iuventae

449 1786 524 1833 Te
549 1788 707 1848 patria
731 1788 781 1834 in
806 1788 972 1835 media
995 1788 1234 1835 virtutum
1256 1788 1389 1835 mole
1409 1787 1605 1836 locavit.

449 1851 528 1898 Tu
553 1862 716 1900 tamen
742 1853 991 1900 anxiferas
1014 1868 1159 1900 curas
1187 1853 1406 1914 requiete
1429 1854 1637 1912 relaan‚

451 1916 598 1976 Quod
620 1917 810 1979 patriae
838 1917 971 1966 vocis
994 1918 1172 1966 studiis
1196 1919 1434 1982 nobisque
1456 1919 1673 1968 sacrasti.

253 2042 344 2100 Tu
373 2042 550 2118 igitur
576 2044 834 2100 animum
860 2045 1078 2121 poteris
1106 2045 1374 2103 inducere
1403 2053 1604 2104 eontra
1629 2066 1710 2118 ea,
1737 2066 1881 2124 quae
1910 2068 1948 2105 a

253 2143 347 2180 me
376 2123 743 2199 disputantur
770 2123 841 2181 de
869 2124 1240 2196 divinatione,
1265 2126 1469 2197 dicere,
1496 2127 1595 2204 qui
1623 2134 1681 2184 et
1701 2128 1947 2203 gesseris

255 2223 337 2276 ea,
363 2223 506 2280 quae
539 2204 782 2280 gessisti,
808 2211 864 2261 et
899 2224 980 2270 ea,
1007 2225 1150 2282 quae
1184 2207 1569 2283 pronuntiavi,
1595 2207 1946 2264 accuratissi-

253 2303 348 2341 me
398 2284 719 2360 scripseris?
801 2290 895 2341 23.
940 2283 1134 2352 Quid?
1184 2287 1423 2363 quaeriS,
1469 2286 1805 2357 CarneadeS,
1842 2307 1947 2344 cur

254 2364 393 2421 haee
427 2364 510 2421 ita
541 2363 683 2421 fiant
709 2371 810 2421 aut
839 2384 953 2440 qua
984 2372 1106 2422 arte
1134 2366 1381 2443 perspici
1408 2367 1667 2443 possint?
1748 2366 1946 2424 Nesei-

253 2465 314 2502 re
359 2463 453 2501 me
497 2444 699 2515 fateor,
731 2444 956 2501 evenire
997 2452 1191 2502 autem
1224 2453 1284 2503 te
1320 2447 1511 2523 ipsum
1555 2447 1685 2504 dico
1728 2445 1941 2505 videre.

254 2525 423 2596 Cam,
454 2524 660 2601 inquis
746 2523 908 2582 Itane
950 2527 1122 2582 vero?
1203 2525 1523 2602 Quicquam
1565 2532 1759 2604 potest
1806 2544 1946 2582 casu

254 2625 376 2663 esse
414 2605 652 2676 factum,
684 2604 840 2681 quod
875 2624 1074 2662 omnes
1107 2604 1282 2662 habet
1314 2606 1374 2662 in
1410 2624 1468 2662 se
1500 2623 1768 2661 numeros
1801 2604 1946 2660 veri-

254 2686 424 2743 tatis?
504 2684 791 2754 Quattuor
831 2686 932 2742 tali
967 2685 1102 2742 iacti.
1143 2704 1277 2742 casu
1311 2685 1624 2742 Venerium
1668 2683 1940 2741 efficiunt.

256 2765 414 2823 Num
457 2766 630 2822 etiam
673 2771 904 2823 centum
939 2765 1238 2835 VeneriOS,
1271 2765 1319 2821 si
1355 2783 1506 2822 cccc
1541 2764 1689 2821 talos
1721 2764 1941 2833 ieceriS,

256 2865 390 2902 casu
419 2846 645 2902 futuros
673 2846 879 2922 putas?
950 2845 1202 2921 Aspersa
1229 2852 1441 2901 temere
1462 2844 1760 2921 pigmenta
1780 2843 1837 2898 in
1862 2850 1947 2900 ta-

256 2925 392 2980 bula
425 2924 538 2981 oris
568 2924 911 2982 lineamenta
943 2925 1209 3001 effingere
1237 2933 1494 3001 possunt.
1581 2924 1737 2980 Num
1767 2922 1945 2979 etiam

258 3003 503 3059 Veneris
536 3002 688 3059 Coae
722 3004 1208 3079 pulchritudinem
1242 3004 1435 3080 effingi
1469 3023 1637 3081 posse
1670 3003 1948 3078 aspersio-

260 3101 333 3138 ne
374 3081 617 3137 fortuita
656 3084 860 3156 putas?
942 3083 1050 3139 Sus
1087 3090 1273 3140 rostro
1307 3084 1356 3140 si
1389 3084 1553 3141 humi
1593 3084 1652 3139 A
1692 3082 1944 3139 litteram

261 3160 629 3234 impresserit,
654 3178 792 3215 num
826 3169 1128 3238 propterea
1160 3163 1434 3240 suspicari
1466 3163 1685 3240 poteris
1716 3161 1948 3219 Andro-
