2205 3431
428 143 567 191 LIB.
592 143 714 205 ΙΙΙ.,
741 142 899 192 CAP.
927 143 1503 205 XXXIII.-XXXVI.,
1534 141 1562 203 ἓ
1592 146 1770 193 82-87.
1850 146 1942 193 137

263 242 599 312 vendidisse,
625 250 932 320 exactaque
960 244 1205 321 pecunia
1232 243 1474 301 edixisse
1502 251 1583 313 ut,
1610 244 1764 321 quod
1794 245 1943 321 quis-

262 341 371 398 que
405 342 439 378 a
476 324 647 381 sacris
679 323 928 392 haberet,
953 323 1015 380 id
1056 331 1189 381 ante
1231 324 1384 381 diem
1426 332 1636 380 certam
1674 325 1729 380 in
1775 344 1942 381 suum

262 402 514 479 quidque
542 404 743 460 fanum
772 403 1023 460 referret.
1112 403 1200 460 Ita
1228 403 1300 460 ad
1329 403 1683 479 impietatem
1714 404 1772 459 in
1803 404 1940 461 deos

261 482 321 538 in
351 482 614 539 homines
642 483 904 540 adiunxit
926 483 1208 540 iniuriam.
1279 483 1535 541 XXXV.
1569 484 1742 540 Hunc
1764 483 1942 559 igitur

261 580 367 618 nec
396 562 702 638 Olympius
732 563 992 640 Iuppiter
1018 563 1262 620 fulmine
1291 562 1570 639 percussit
1598 582 1702 620 nec
1729 563 1944 621 Aescu-

261 640 447 717 lapius
475 643 682 699 misero
713 643 1097 719 diuturnoque
1126 642 1329 699 morbo
1358 642 1744 700 tabescentem
1773 643 1943 700 inter-

262 722 403 778 emit
431 729 603 798 atque
636 722 697 778 in
732 740 835 779 suo
870 722 1077 779 lectulo
1112 729 1373 779 mortuus
1407 723 1463 778 in
1502 721 1530 798 †
1564 722 1943 799 Tympanidis

262 820 467 877 rogum
497 801 684 858 illatus
717 809 819 871 est,
840 821 1078 879 eamque
1108 809 1468 878 potestatem,
1491 821 1657 878 quam
1692 803 1813 878 ipse
1841 821 1943 879 per

262 880 444 937 scelus
477 889 598 938 erat
625 888 840 952 nactus,
863 882 1024 957 quasi
1051 882 1259 938 iustam
1295 889 1353 939 et
1380 881 1696 957 legitimam
1726 882 1943 939 heredi-

262 961 399 1018 tatis
426 961 553 1018 loco
588 960 706 1018 filio
736 961 988 1018 tradidit.
1078 968 1169 1018 85.
1208 961 1398 1018 Invita
1430 962 1489 1018 in
1525 961 1635 1018 hoc
1669 961 1795 1019 loco
1825 981 1943 1019 ver-

262 1047 420 1097 satur
447 1042 664 1098 oratio:
708 1041 936 1098 videtur
961 1042 1116 1097 enim
1146 1042 1544 1098 auctoritatem
1573 1041 1794 1099 adferre
1816 1061 1943 1119 pcc-

262 1121 448 1190 candi,
472 1128 531 1177 et
564 1127 715 1178 recte
746 1121 1048 1191 videretur,
1074 1122 1185 1178 nisi
1219 1128 1277 1178 et
1311 1122 1537 1178 virtutis
1580 1128 1638 1178 et
1670 1122 1941 1179 vitiorum

262 1201 384 1257 sine
412 1199 527 1257 ulla
548 1200 742 1257 divina
768 1202 987 1259 ratione
1008 1220 1178 1277 grave
1201 1201 1380 1278 ipsius
1402 1202 1781 1258 conscientiae
1802 1221 1944 1278 pon-

262 1280 371 1337 dus
412 1287 575 1351 esset,
602 1299 713 1357 qua
745 1279 965 1337 sublata
996 1281 1427 1338 iacent‘omnia.
1514 1281 1601 1339 Ut
1642 1282 1792 1338 enim
1837 1301 1941 1339 nec

261 1360 469 1417 domus
503 1379 607 1417 nec
639 1379 728 1417 res
756 1360 985 1437 publica
1017 1361 1238 1418 ratione
1275 1361 1516 1437 quadam
1554 1369 1612 1418 et
1641 1361 1943 1437 disciplina

261 1440 561 1517 designata
592 1440 868 1512 videatur,
891 1441 937 1496 si
972 1441 1031 1496 in
1067 1460 1135 1497 ea
1168 1459 1268 1497 nec
1304 1448 1454 1497 recte
1487 1441 1657 1497 factis
1689 1442 1943 1516 praemia

261 1528 488 1577 exstent
516 1519 631 1577 ulla
663 1539 766 1577 nec
800 1519 1079 1596 supplicia
1106 1521 1370 1596 peccatiS‚
1397 1521 1478 1577 sic
1512 1520 1714 1577 mundi
1747 1521 1943 1578 divina

261 1600 322 1656 in
352 1600 612 1657 homines
639 1600 958 1657 moderatio
982 1600 1243 1677 profecto
1273 1600 1429 1656 nulla
1456 1606 1557 1671 est,
1580 1601 1627 1656 si
1651 1601 1707 1656 in
1738 1620 1804 1657 ea
1831 1601 1942 1657 dis-

260 1680 477 1737 crimen
506 1679 727 1737 nullum
755 1687 841 1738 est
867 1680 1149 1738 bonorum
1188 1687 1246 1738 et
1273 1680 1569 1738 malorum.

346 1766 437 1817 86.
468 1760 554 1817 At
586 1761 740 1818 enim
781 1761 1005 1817 minora
1048 1761 1110 1817 di
1154 1761 1467 1837 neglegunt
1499 1780 1683 1837 neque
1729 1760 1942 1837 agellos

261 1840 616 1916 singulorum
651 1860 755 1898 nec
789 1841 1050 1898 viticulas
1083 1848 1502 1917 persequuntur
1534 1860 1655 1911 nec,
1681 1841 1729 1897 si
1765 1841 1940 1898 uredo

261 1927 363 1977 aut
395 1919 615 1996 grando
651 1921 947 1997 quippiam
990 1921 1205 1991 nocuit,
1231 1921 1291 1977 id
1326 1920 1451 1977 Iovi
1493 1920 1943 1978 animadverten-

261 2000 400 2057 dum
431 2000 561 2069 fuit,
586 2019 658 2056 ne
692 2001 749 2056 in
786 2001 977 2076 regnis
1012 2001 1245 2077 quidem
1281 2020 1442 2077 reges
1476 2001 1671 2057 omnia
1704 2001 1943 2058 minima

260 2087 496 2137 curant:
540 2080 619 2136 sic
662 2081 813 2136 enim
858 2081 1082 2137 dicitis:
1129 2081 1288 2156 quasi
1332 2100 1439 2156 ego
1482 2081 1654 2157 paulo
1697 2089 1827 2137 ante
1870 2081 1941 2138 de

261 2158 447 2216 fundo
477 2159 780 2216 Formiano
804 2160 868 2217 P.
891 2159 1093 2217 Rutilii
1124 2161 1232 2217 sim
1263 2168 1510 2237 questuS‚
1533 2179 1648 2216 non
1678 2160 1749 2217 de
1778 2161 1943 2217 amis-

260 2258 324 2296 sa
352 2238 546 2295 salute.
623 2239 912 2298 XXXVI.
943 2240 1139 2317 Atque
1166 2240 1277 2297 hoc
1307 2240 1537 2316 quidem
1569 2259 1767 2296 omnes
1795 2260 1943 2297 mor-

260 2318 404 2376 tales
432 2319 511 2375 sic
540 2318 769 2390 habent,
795 2330 1053 2377 externas
1081 2320 1537 2390 commoditateS,
1558 2321 1764 2390 vineta,
1790 2340 1942 2396 sege-

261 2406 366 2468 tes,
392 2398 615 2469 oliveta,
640 2398 959 2457 ubertatem
1000 2400 1236 2476 frugum
1279 2407 1337 2457 ct
1374 2401 1684 2468 fructuum,
1711 2419 1941 2456 omnem

261 2479 510 2555 denique
538 2480 1010 2536 commoditatem
1039 2481 1590 2556 prosperitatemque
1614 2480 1763 2537 vitae
1791 2499 1825 2536 a
1853 2480 1943 2536 dis

262 2578 322 2615 se
355 2558 579 2628 habere,
604 2559 874 2616 virtutem
909 2568 1100 2617 autem
1135 2579 1306 2616 nemo
1341 2579 1615 2637 umquam
1649 2566 1940 2635 acceptam

261 2639 373 2695 deo
401 2639 637 2696 rettulit.
727 2640 817 2697 87.
856 2639 1144 2700 Nimirum
1179 2646 1363 2697 recte:
1408 2646 1642 2716 propter
1672 2638 1941 2695 virtutem

262 2718 417 2776 enim
458 2719 580 2777 iure
620 2718 923 2777 laudamur
960 2726 1018 2776 et
1058 2721 1121 2776 in
1155 2719 1364 2776 virtute
1405 2728 1555 2777 recte
1597 2718 1939 2795 gloriamur:

263 2797 422 2874 quod
449 2817 565 2855 non
595 2799 967 2876 contingeret,
993 2800 1039 2856 si
1069 2799 1130 2856 id
1160 2798 1378 2855 donum
1410 2819 1444 2856 a
1478 2799 1603 2869 de0‚
1626 2817 1744 2855 non
1778 2817 1812 2855 a
1843 2818 1943 2855 no-

261 2877 352 2935 bis
379 2877 731 2936 haberemus,
817 2879 900 2936 At
930 2898 1060 2935 vero
1095 2887 1195 2936 aut
1223 2878 1537 2936 honoribus
1570 2878 1722 2935 aucti
1756 2886 1855 2935 aut
1883 2898 1941 2935 re

258 2957 534 3014 familiari
567 2966 666 3015 aut
700 2959 747 3015 si
781 2959 937 3016 aliud
967 2959 1263 3035 quippiam
1297 2959 1450 3015 nacti
1486 2978 1680 3015 sumus
1713 2958 1942 3015 fortuiti

260 3036 402 3094 boni
424 3045 523 3095 aut
545 3038 868 3117 depulimus
889 3038 1043 3109 mali,
1063 3047 1187 3096 tum
1212 3039 1301 3095 dis
1322 3038 1534 3113 gratias
1555 3038 1793 3113 agimm,
1816 3045 1940 3094 tum

261 3117 406 3174 nihil
451 3126 677 3175 nostrae
719 3119 874 3175 laudi
917 3118 1286 3194 adsumptum
1330 3117 1682 3174 arbitramur.
1784 3116 1940 3171 Num

262 3198 406 3273 quie,
429 3198 585 3273 quod
614 3198 799 3255 bonus
827 3199 914 3254 vir
941 3204 1102 3267 esset,
1128 3197 1338 3273 gratias
1366 3197 1455 3253 dis
1489 3196 1608 3271 egit
1636 3196 1941 3270 umquam&l

2027 3274 2108 3334 s
