2205 3431
230 83 325 134 194
429 81 433 85 ’
751 81 850 130 DE
883 80 1095 130 DIVIN
1095 80 1316 130 ATION
1321 80 1382 132 E.

228 184 479 243 Marsum
528 201 819 257 augurem,
854 202 974 240 non
1014 181 1344 259 haruspices
1387 183 1634 255 vicanos
1670 202 1788 241 non
1838 183 1913 242 de

228 265 379 322 circo
421 262 755 339 astrologOS‚
780 282 896 320 non
932 262 1144 320 Isiacos
1185 264 1551 334 coniectoreS‚
1585 283 1701 320 non
1739 265 1913 322 inter-

228 353 417 421 pretes
459 343 828 400 somniorum.
914 342 1049 399 Non
1091 342 1247 422 enim
1290 349 1423 399 sunt
1456 343 1497 399 ii
1539 350 1639 401 aut
1672 344 1913 402 scientia

227 431 326 481 aut
353 431 472 481 arte
502 422 697 493 divini,

292 553 388 602 Sed
412 550 732 614 superstitiosi
758 559 895 598 vates
918 548 1325 611 impudentesque
1348 549 1539 609 harioli,

292 622 400 668 Aut
424 618 603 665 inertes
626 628 711 663 aut
733 616 892 662 insani
917 626 1003 662 aut
1023 615 1200 676 quibus
1222 622 1414 673 egestas
1439 615 1674 677 imperat:

293 683 388 741 Qui
412 682 503 729 sibi
528 681 754 729 semitam
776 695 876 727 non
901 679 1113 741 sapiunt,
1134 678 1272 726 alteri
1297 689 1576 728 monstrant
1597 681 1761 729 viam:

293 749 483 805 Quibus
506 746 703 793 divitias
722 745 1028 807 pollicentur,
1045 745 1110 792 ab
1129 745 1188 791 iis
1211 745 1531 793 drachumam
1552 746 1643 807 ipsi
1662 754 1849 808 petunt.

292 812 372 860 De
392 813 466 860 his
488 812 672 859 divitiis
696 811 789 859 sibi
806 810 1053 858 deducant
1070 809 1412 871 drachumam,
1428 811 1639 859 reddant
1659 823 1837 859 cetera.

228 930 425 1007 Atque
451 929 591 986 haec
621 927 854 1006 quidem
884 926 1122 998 EnniUS,
1144 926 1244 1004 qui
1271 928 1468 1003 paucis
1494 933 1627 985 ante
1655 927 1912 985 versibus

232 1012 265 1037 ‘⁶
287 1028 407 1067 esse
449 1007 638 1065 deos”
675 1014 883 1078 censet,
910 1007 1065 1064 “sed
1108 1026 1205 1064 eos
1245 1026 1363 1063 non
1406 1026 1599 1065 curare
1641 1008 1911 1085 opinatur

231 1089 371 1166 quid
398 1096 531 1165 agat
558 1088 874 1145 humanum
902 1086 1137 1164 genuS.''
1213 1087 1342 1164 Ego
1372 1094 1581 1158 autem,
1603 1088 1703 1164 qui
1731 1095 1790 1144 et
1817 1107 1912 1145 cu-

229 1189 351 1227 rare
392 1168 635 1226 arbitror
668 1176 727 1224 et
757 1187 991 1224 monere
1031 1166 1206 1223 etiam
1249 1186 1314 1223 ac
1350 1167 1534 1225 mult-a
1565 1167 1909 1244 praedicere,

230 1250 476 1320 levitate,
494 1248 760 1318 vanitate,
779 1248 999 1304 malitia
1026 1247 1252 1304 exclusa
1272 1247 1682 1305 divinationem
1708 1247 1907 1324 probo,

231 1330 390 1398 Quae
432 1349 562 1387 cum
605 1328 841 1384 dixisset
883 1327 1164 1396 Quintus:
1209 1326 1503 1385 Praeclare
1545 1334 1611 1384 tu
1654 1327 1912 1404 quidem,

231 1410 483 1488 inquam,
503 1416 733 1487 paratus
755 1452 768 1466 .
795 1452 808 1466 .
835 1453 848 1465 .

662 1516 917 1598 [Desunt
936 1539 1129 1596 pauca
1158 1517 1484 1599 quaedam]
