<?xml version="1.0" encoding="UTF-8"?>
<!DOCTYPE html PUBLIC "-//W3C//DTD XHTML 1.0 Transitional//EN"
    "http://www.w3.org/TR/xhtml1/DTD/xhtml1-transitional.dtd">
<html xmlns="http://www.w3.org/1999/xhtml" xml:lang="en" lang="en">
 <head>
  <title>
</title>
<meta http-equiv="Content-Type" content="text/html;charset=utf-8" />
  <meta name='ocr-system' content='tesseract 3.04.00' />
  <meta name='ocr-capabilities' content='ocr_page ocr_carea ocr_par ocr_line ocrx_word'/>
</head>
<body>
  <div class='ocr_page' id='page_1' title='image "./defato00cicegoog_0092.png"; bbox 0 0 2205 3431; ppageno 0'>
   <div class='ocr_carea' id='block_1_1' title="bbox 149 83 1382 137">
    <p class='ocr_par' dir='ltr' id='par_1_1' title="bbox 149 83 1382 137">
     <span class='ocr_line' id='line_1_1' title="bbox 149 83 1382 137; baseline 0 -4"><span class='ocrx_word' id='word_1_1' title='bbox 149 88 212 133; x_wconf 79' lang='lat'>82</span> <span class='ocrx_word' id='word_1_2' title='bbox 597 85 696 135; x_wconf 77' lang='lat' dir='ltr'>DE</span> <span class='ocrx_word' id='word_1_3' title='bbox 731 85 1031 135; x_wconf 83' lang='lat' dir='ltr'>NATURA</span> <span class='ocrx_word' id='word_1_4' title='bbox 1061 83 1382 137; x_wconf 85' lang='lat' dir='ltr'><strong>DEORUM.</strong></span> 
     </span>
    </p>
   </div>
   <div class='ocr_carea' id='block_1_2' title="bbox 143 185 1832 3214">
    <p class='ocr_par' dir='ltr' id='par_1_2' title="bbox 143 185 1832 3214">
     <span class='ocr_line' id='line_1_2' title="bbox 149 185 1831 264; baseline 0 -21"><span class='ocrx_word' id='word_1_5' title='bbox 149 185 606 264; x_wconf 80' lang='lat' dir='ltr'>impendentium</span> <span class='ocrx_word' id='word_1_6' title='bbox 634 186 922 243; x_wconf 90' lang='lat' dir='ltr'>montium</span> <span class='ocrx_word' id='word_1_7' title='bbox 951 185 1283 243; x_wconf 81' lang='lat' dir='ltr'>altitudines</span> <span class='ocrx_word' id='word_1_8' title='bbox 1304 185 1831 261; x_wconf 87' lang='lat' dir='ltr'>immensitatesque</span> 
     </span>
     <span class='ocr_line' id='line_1_3' title="bbox 148 265 1830 342; baseline -0.001 -19"><span class='ocrx_word' id='word_1_9' title='bbox 148 283 515 342; x_wconf 87' lang='lat' dir='ltr'>camporum:</span> <span class='ocrx_word' id='word_1_10' title='bbox 559 265 708 322; x_wconf 89' lang='lat' dir='ltr'>adde</span> <span class='ocrx_word' id='word_1_11' title='bbox 751 266 923 322; x_wconf 90' lang='lat' dir='ltr'>etiam</span> <span class='ocrx_word' id='word_1_12' title='bbox 965 265 1289 322; x_wconf 86' lang='lat' dir='ltr'>reconditas</span> <span class='ocrx_word' id='word_1_13' title='bbox 1330 265 1451 322; x_wconf 89' lang='lat' dir='ltr'>auri</span> <span class='ocrx_word' id='word_1_14' title='bbox 1494 266 1830 342; x_wconf 86' lang='lat' dir='ltr'>argentique</span> 
     </span>
     <span class='ocr_line' id='line_1_4' title="bbox 147 343 1831 422; baseline 0.001 -21"><span class='ocrx_word' id='word_1_15' title='bbox 147 364 319 402; x_wconf 88' lang='lat' dir='ltr'>venas</span> <span class='ocrx_word' id='word_1_16' title='bbox 347 344 743 422; x_wconf 88' lang='lat' dir='ltr'>infinitamque</span> <span class='ocrx_word' id='word_1_17' title='bbox 764 345 882 402; x_wconf 89' lang='lat' dir='ltr'>vim</span> <span class='ocrx_word' id='word_1_18' title='bbox 910 345 1226 402; x_wconf 70' lang='lat' dir='ltr'>marmoris</span> <span class='ocrx_word' id='word_1_19' title='bbox 1305 350 1398 403; x_wconf 88' lang='lat'>99.</span> <span class='ocrx_word' id='word_1_20' title='bbox 1430 343 1588 413; x_wconf 84' lang='lat' dir='ltr'>Quae</span> <span class='ocrx_word' id='word_1_21' title='bbox 1610 364 1742 402; x_wconf 92' lang='lat' dir='ltr'>vero</span> <span class='ocrx_word' id='word_1_22' title='bbox 1772 352 1831 403; x_wconf 85' lang='lat' dir='ltr'>et</span> 
     </span>
     <span class='ocr_line' id='line_1_5' title="bbox 149 423 1825 502; baseline 0 -21"><span class='ocrx_word' id='word_1_23' title='bbox 149 444 318 502; x_wconf 90' lang='lat' dir='ltr'>quam</span> <span class='ocrx_word' id='word_1_24' title='bbox 337 425 490 482; x_wconf 87' lang='lat' dir='ltr'>varia</span> <span class='ocrx_word' id='word_1_25' title='bbox 511 444 718 501; x_wconf 87' lang='lat' dir='ltr'>genera</span> <span class='ocrx_word' id='word_1_26' title='bbox 739 423 1048 481; x_wconf 88' lang='lat' dir='ltr'>bestiarum</span> <span class='ocrx_word' id='word_1_27' title='bbox 1066 424 1155 481; x_wconf 90' lang='lat' dir='ltr'>vel</span> <span class='ocrx_word' id='word_1_28' title='bbox 1179 425 1430 482; x_wconf 88' lang='lat' dir='ltr'>cicurum</span> <span class='ocrx_word' id='word_1_29' title='bbox 1449 424 1536 482; x_wconf 91' lang='lat' dir='ltr'>vel</span> <span class='ocrx_word' id='word_1_30' title='bbox 1555 425 1825 496; x_wconf 90' lang='lat' dir='ltr'>ferarum,</span> 
     </span>
     <span class='ocr_line' id='line_1_6' title="bbox 149 504 1830 581; baseline 0 -20"><span class='ocrx_word' id='word_1_31' title='bbox 149 505 248 581; x_wconf 91' lang='lat' dir='ltr'>qui</span> <span class='ocrx_word' id='word_1_32' title='bbox 281 504 574 562; x_wconf 90' lang='lat' dir='ltr'>volucrum</span> <span class='ocrx_word' id='word_1_33' title='bbox 609 504 800 580; x_wconf 87' lang='lat' dir='ltr'>lapsus</span> <span class='ocrx_word' id='word_1_34' title='bbox 833 511 1004 581; x_wconf 89' lang='lat' dir='ltr'>atque</span> <span class='ocrx_word' id='word_1_35' title='bbox 1037 511 1255 576; x_wconf 80' lang='lat' dir='ltr'>cantuS‚</span> <span class='ocrx_word' id='word_1_36' title='bbox 1280 505 1380 581; x_wconf 90' lang='lat' dir='ltr'>qui</span> <span class='ocrx_word' id='word_1_37' title='bbox 1412 505 1698 581; x_wconf 83' lang='lat' dir='ltr'>pecudum</span> <span class='ocrx_word' id='word_1_38' title='bbox 1734 524 1830 581; x_wconf 88' lang='lat' dir='ltr'>pa-</span> 
     </span>
     <span class='ocr_line' id='line_1_7' title="bbox 148 582 1828 661; baseline 0.001 -21"><span class='ocrx_word' id='word_1_39' title='bbox 148 592 286 655; x_wconf 82' lang='lat' dir='ltr'>stuS,</span> <span class='ocrx_word' id='word_1_40' title='bbox 311 603 456 661; x_wconf 89' lang='lat' dir='ltr'>quae</span> <span class='ocrx_word' id='word_1_41' title='bbox 484 585 602 640; x_wconf 89' lang='lat' dir='ltr'>vita</span> <span class='ocrx_word' id='word_1_42' title='bbox 630 584 1008 642; x_wconf 79' lang='lat' dir='ltr'>silvestrium!</span> <span class='ocrx_word' id='word_1_43' title='bbox 1092 582 1248 652; x_wconf 84' lang='lat' dir='ltr'>Quid</span> <span class='ocrx_word' id='word_1_44' title='bbox 1275 585 1387 641; x_wconf 91' lang='lat' dir='ltr'>iam</span> <span class='ocrx_word' id='word_1_45' title='bbox 1423 584 1495 642; x_wconf 97' lang='lat' dir='ltr'>de</span> <span class='ocrx_word' id='word_1_46' title='bbox 1524 585 1828 642; x_wconf 90' lang='lat' dir='ltr'>hominum</span> 
     </span>
     <span class='ocr_line' id='line_1_8' title="bbox 145 663 1830 740; baseline 0 -19"><span class='ocrx_word' id='word_1_47' title='bbox 145 683 352 740; x_wconf 82' lang='lat' dir='ltr'>genere</span> <span class='ocrx_word' id='word_1_48' title='bbox 394 664 624 720; x_wconf 66' lang='lat' dir='ltr'>dicam?</span> <span class='ocrx_word' id='word_1_49' title='bbox 673 664 772 740; x_wconf 94' lang='lat' dir='ltr'>qui</span> <span class='ocrx_word' id='word_1_50' title='bbox 816 664 977 740; x_wconf 80' lang='lat' dir='ltr'>quasi</span> <span class='ocrx_word' id='word_1_51' title='bbox 1019 663 1265 721; x_wconf 92' lang='lat' dir='ltr'>cultores</span> <span class='ocrx_word' id='word_1_52' title='bbox 1306 670 1486 721; x_wconf 89' lang='lat' dir='ltr'>terrae</span> <span class='ocrx_word' id='word_1_53' title='bbox 1528 665 1830 722; x_wconf 89' lang='lat' dir='ltr'>constituti</span> 
     </span>
     <span class='ocr_line' id='line_1_9' title="bbox 146 743 1831 820; baseline 0.001 -20"><span class='ocrx_word' id='word_1_54' title='bbox 146 763 263 801; x_wconf 92' lang='lat' dir='ltr'>non</span> <span class='ocrx_word' id='word_1_55' title='bbox 286 744 584 820; x_wconf 85' lang='lat' dir='ltr'>patiuntur</span> <span class='ocrx_word' id='word_1_56' title='bbox 611 762 735 801; x_wconf 88' lang='lat' dir='ltr'>eam</span> <span class='ocrx_word' id='word_1_57' title='bbox 765 762 869 801; x_wconf 91' lang='lat' dir='ltr'>nec</span> <span class='ocrx_word' id='word_1_58' title='bbox 897 744 1256 801; x_wconf 86' lang='lat' dir='ltr'>immanitate</span> <span class='ocrx_word' id='word_1_59' title='bbox 1284 743 1579 801; x_wconf 91' lang='lat' dir='ltr'>beluarum</span> <span class='ocrx_word' id='word_1_60' title='bbox 1607 744 1831 802; x_wconf 82' lang='lat' dir='ltr'>efferari</span> 
     </span>
     <span class='ocr_line' id='line_1_10' title="bbox 145 822 1829 901; baseline 0.001 -21"><span class='ocrx_word' id='word_1_61' title='bbox 145 842 250 881; x_wconf 90' lang='lat' dir='ltr'>nec</span> <span class='ocrx_word' id='word_1_62' title='bbox 285 824 550 900; x_wconf 85' lang='lat' dir='ltr'>stirpium</span> <span class='ocrx_word' id='word_1_63' title='bbox 585 822 888 900; x_wconf 85' lang='lat' dir='ltr'>asperitate</span> <span class='ocrx_word' id='word_1_64' title='bbox 916 824 1141 895; x_wconf 88' lang='lat' dir='ltr'>vastari,</span> <span class='ocrx_word' id='word_1_65' title='bbox 1167 843 1524 901; x_wconf 91' lang='lat' dir='ltr'>quorumque</span> <span class='ocrx_word' id='word_1_66' title='bbox 1559 824 1829 901; x_wconf 90' lang='lat' dir='ltr'>operibus</span> 
     </span>
     <span class='ocr_line' id='line_1_11' title="bbox 146 903 1830 980; baseline 0.001 -21"><span class='ocrx_word' id='word_1_67' title='bbox 146 904 286 980; x_wconf 83' lang='lat' dir='ltr'>agri,</span> <span class='ocrx_word' id='word_1_68' title='bbox 311 903 526 960; x_wconf 91' lang='lat' dir='ltr'>insulae</span> <span class='ocrx_word' id='word_1_69' title='bbox 553 903 834 980; x_wconf 88' lang='lat' dir='ltr'>litoraque</span> <span class='ocrx_word' id='word_1_70' title='bbox 862 903 1146 961; x_wconf 85' lang='lat' dir='ltr'>collucent</span> <span class='ocrx_word' id='word_1_71' title='bbox 1174 903 1445 962; x_wconf 88' lang='lat' dir='ltr'>distincta</span> <span class='ocrx_word' id='word_1_72' title='bbox 1465 905 1633 962; x_wconf 89' lang='lat' dir='ltr'>tectis</span> <span class='ocrx_word' id='word_1_73' title='bbox 1661 912 1721 961; x_wconf 91' lang='lat' dir='ltr'>et</span> <span class='ocrx_word' id='word_1_74' title='bbox 1742 924 1830 961; x_wconf 89' lang='lat' dir='ltr'>ur-</span> 
     </span>
     <span class='ocr_line' id='line_1_12' title="bbox 146 982 1830 1061; baseline 0.001 -21"><span class='ocrx_word' id='word_1_75' title='bbox 146 983 329 1041; x_wconf 85' lang='lat' dir='ltr'>bibus.</span> <span class='ocrx_word' id='word_1_76' title='bbox 415 982 572 1052; x_wconf 84' lang='lat' dir='ltr'>Quae</span> <span class='ocrx_word' id='word_1_77' title='bbox 615 984 663 1040; x_wconf 90' lang='lat' dir='ltr'>si</span> <span class='ocrx_word' id='word_1_78' title='bbox 705 992 770 1040; x_wconf 91' lang='lat' dir='ltr'>ut</span> <span class='ocrx_word' id='word_1_79' title='bbox 811 984 1033 1055; x_wconf 90' lang='lat' dir='ltr'>animis,</span> <span class='ocrx_word' id='word_1_80' title='bbox 1065 984 1146 1041; x_wconf 91' lang='lat' dir='ltr'>sic</span> <span class='ocrx_word' id='word_1_81' title='bbox 1189 984 1367 1041; x_wconf 86' lang='lat' dir='ltr'>oculis</span> <span class='ocrx_word' id='word_1_82' title='bbox 1409 985 1599 1042; x_wconf 87' lang='lat' dir='ltr'>videre</span> <span class='ocrx_word' id='word_1_83' title='bbox 1641 1003 1830 1061; x_wconf 87' lang='lat' dir='ltr'>posse-</span> 
     </span>
     <span class='ocr_line' id='line_1_13' title="bbox 146 1064 1828 1133; baseline 0.001 -14"><span class='ocrx_word' id='word_1_84' title='bbox 146 1083 290 1133; x_wconf 80' lang='lat' dir='ltr'>muS,</span> <span class='ocrx_word' id='word_1_85' title='bbox 311 1082 482 1120; x_wconf 92' lang='lat' dir='ltr'>nemo</span> <span class='ocrx_word' id='word_1_86' title='bbox 511 1070 774 1121; x_wconf 88' lang='lat' dir='ltr'>cunctam</span> <span class='ocrx_word' id='word_1_87' title='bbox 799 1064 1027 1121; x_wconf 90' lang='lat' dir='ltr'>intuens</span> <span class='ocrx_word' id='word_1_88' title='bbox 1048 1070 1257 1121; x_wconf 90' lang='lat' dir='ltr'>terram</span> <span class='ocrx_word' id='word_1_89' title='bbox 1287 1064 1358 1122; x_wconf 91' lang='lat' dir='ltr'>de</span> <span class='ocrx_word' id='word_1_90' title='bbox 1387 1064 1582 1122; x_wconf 88' lang='lat' dir='ltr'>divina</span> <span class='ocrx_word' id='word_1_91' title='bbox 1608 1065 1828 1122; x_wconf 88' lang='lat' dir='ltr'>ratione</span> 
     </span>
     <span class='ocr_line' id='line_1_14' title="bbox 145 1143 1829 1221; baseline 0.001 -21"><span class='ocrx_word' id='word_1_92' title='bbox 145 1143 450 1201; x_wconf 85' lang='lat' dir='ltr'>dubitaret.</span> <span class='ocrx_word' id='word_1_93' title='bbox 524 1149 655 1200; x_wconf 88' lang='lat'>100.</span> <span class='ocrx_word' id='word_1_94' title='bbox 686 1143 773 1200; x_wconf 91' lang='lat' dir='ltr'>At</span> <span class='ocrx_word' id='word_1_95' title='bbox 799 1163 933 1201; x_wconf 88' lang='lat' dir='ltr'>vcro</span> <span class='ocrx_word' id='word_1_96' title='bbox 963 1151 1177 1221; x_wconf 88' lang='lat' dir='ltr'>quanta</span> <span class='ocrx_word' id='word_1_97' title='bbox 1204 1145 1377 1201; x_wconf 89' lang='lat' dir='ltr'>maris</span> <span class='ocrx_word' id='word_1_98' title='bbox 1405 1151 1491 1201; x_wconf 88' lang='lat' dir='ltr'>est</span> <span class='ocrx_word' id='word_1_99' title='bbox 1519 1144 1829 1221; x_wconf 89' lang='lat' dir='ltr'>pulchritu-</span> 
     </span>
     <span class='ocr_line' id='line_1_15' title="bbox 146 1223 1829 1301; baseline 0.001 -21"><span class='ocrx_word' id='word_1_100' title='bbox 146 1223 242 1296; x_wconf 89' lang='lat' dir='ltr'>do,</span> <span class='ocrx_word' id='word_1_101' title='bbox 270 1243 413 1301; x_wconf 92' lang='lat' dir='ltr'>quae</span> <span class='ocrx_word' id='word_1_102' title='bbox 443 1224 659 1301; x_wconf 88' lang='lat' dir='ltr'>species</span> <span class='ocrx_word' id='word_1_103' title='bbox 685 1224 951 1296; x_wconf 86' lang='lat' dir='ltr'>universi,</span> <span class='ocrx_word' id='word_1_104' title='bbox 976 1243 1121 1301; x_wconf 89' lang='lat' dir='ltr'>quae</span> <span class='ocrx_word' id='word_1_105' title='bbox 1153 1224 1468 1282; x_wconf 90' lang='lat' dir='ltr'>multitudo</span> <span class='ocrx_word' id='word_1_106' title='bbox 1502 1232 1561 1282; x_wconf 90' lang='lat' dir='ltr'>et</span> <span class='ocrx_word' id='word_1_107' title='bbox 1588 1224 1829 1282; x_wconf 87' lang='lat' dir='ltr'>varietas</span> 
     </span>
     <span class='ocr_line' id='line_1_16' title="bbox 145 1304 1830 1382; baseline -0.001 -21"><span class='ocrx_word' id='word_1_108' title='bbox 145 1304 475 1375; x_wconf 84' lang='lat' dir='ltr'>insularum,</span> <span class='ocrx_word' id='word_1_109' title='bbox 492 1323 635 1380; x_wconf 91' lang='lat' dir='ltr'>quae</span> <span class='ocrx_word' id='word_1_110' title='bbox 658 1304 1032 1361; x_wconf 87' lang='lat' dir='ltr'>amoenitates</span> <span class='ocrx_word' id='word_1_111' title='bbox 1054 1324 1281 1361; x_wconf 90' lang='lat' dir='ltr'>orarum</span> <span class='ocrx_word' id='word_1_112' title='bbox 1304 1324 1369 1362; x_wconf 91' lang='lat' dir='ltr'>ac</span> <span class='ocrx_word' id='word_1_113' title='bbox 1390 1304 1653 1362; x_wconf 81' lang='lat' dir='ltr'>litorum!</span> <span class='ocrx_word' id='word_1_114' title='bbox 1685 1313 1830 1382; x_wconf 90' lang='lat' dir='ltr'>quot</span> 
     </span>
     <span class='ocr_line' id='line_1_17' title="bbox 144 1384 1830 1461; baseline 0 -20"><span class='ocrx_word' id='word_1_115' title='bbox 144 1403 354 1460; x_wconf 87' lang='lat' dir='ltr'>genera</span> <span class='ocrx_word' id='word_1_116' title='bbox 387 1403 673 1461; x_wconf 84' lang='lat' dir='ltr'>quamque</span> <span class='ocrx_word' id='word_1_117' title='bbox 706 1384 957 1460; x_wconf 87' lang='lat' dir='ltr'>disparia</span> <span class='ocrx_word' id='word_1_118' title='bbox 989 1385 1202 1460; x_wconf 91' lang='lat' dir='ltr'>partim</span> <span class='ocrx_word' id='word_1_119' title='bbox 1237 1385 1672 1455; x_wconf 89' lang='lat' dir='ltr'>submersarum,</span> <span class='ocrx_word' id='word_1_120' title='bbox 1705 1404 1830 1461; x_wconf 87' lang='lat' dir='ltr'>par·</span> 
     </span>
     <span class='ocr_line' id='line_1_18' title="bbox 145 1463 1829 1541; baseline 0.001 -20"><span class='ocrx_word' id='word_1_121' title='bbox 145 1465 253 1521; x_wconf 89' lang='lat' dir='ltr'>tim</span> <span class='ocrx_word' id='word_1_122' title='bbox 295 1463 645 1521; x_wconf 89' lang='lat' dir='ltr'>fluitantium</span> <span class='ocrx_word' id='word_1_123' title='bbox 692 1471 750 1521; x_wconf 89' lang='lat' dir='ltr'>et</span> <span class='ocrx_word' id='word_1_124' title='bbox 791 1465 1117 1521; x_wconf 89' lang='lat' dir='ltr'>innantium</span> <span class='ocrx_word' id='word_1_125' title='bbox 1159 1464 1470 1537; x_wconf 88' lang='lat' dir='ltr'>beluarum,</span> <span class='ocrx_word' id='word_1_126' title='bbox 1500 1465 1713 1541; x_wconf 89' lang='lat' dir='ltr'>partim</span> <span class='ocrx_word' id='word_1_127' title='bbox 1754 1464 1829 1522; x_wconf 91' lang='lat' dir='ltr'>ad</span> 
     </span>
     <span class='ocr_line' id='line_1_19' title="bbox 147 1544 1828 1622; baseline 0.001 -21"><span class='ocrx_word' id='word_1_128' title='bbox 147 1563 281 1602; x_wconf 85' lang='lat' dir='ltr'>saxa</span> <span class='ocrx_word' id='word_1_129' title='bbox 308 1545 516 1602; x_wconf 86' lang='lat' dir='ltr'>nativis</span> <span class='ocrx_word' id='word_1_130' title='bbox 544 1544 705 1601; x_wconf 86' lang='lat' dir='ltr'>testis</span> <span class='ocrx_word' id='word_1_131' title='bbox 728 1544 1181 1602; x_wconf 78' lang='lat' dir='ltr'>inhaerentium!</span> <span class='ocrx_word' id='word_1_132' title='bbox 1225 1544 1419 1622; x_wconf 91' lang='lat' dir='ltr'>Ipsum</span> <span class='ocrx_word' id='word_1_133' title='bbox 1451 1552 1645 1602; x_wconf 89' lang='lat' dir='ltr'>autem</span> <span class='ocrx_word' id='word_1_134' title='bbox 1671 1564 1828 1602; x_wconf 90' lang='lat' dir='ltr'>mare</span> 
     </span>
     <span class='ocr_line' id='line_1_20' title="bbox 147 1624 1830 1701; baseline 0.001 -21"><span class='ocrx_word' id='word_1_135' title='bbox 147 1626 226 1682; x_wconf 85' lang='lat' dir='ltr'>sic</span> <span class='ocrx_word' id='word_1_136' title='bbox 254 1631 462 1682; x_wconf 90' lang='lat' dir='ltr'>terram</span> <span class='ocrx_word' id='word_1_137' title='bbox 497 1630 773 1701; x_wconf 87' lang='lat' dir='ltr'>appetens</span> <span class='ocrx_word' id='word_1_138' title='bbox 807 1624 1071 1681; x_wconf 88' lang='lat' dir='ltr'>litoribus</span> <span class='ocrx_word' id='word_1_139' title='bbox 1106 1624 1337 1696; x_wconf 87' lang='lat' dir='ltr'>claudit,</span> <span class='ocrx_word' id='word_1_140' title='bbox 1361 1631 1426 1682; x_wconf 92' lang='lat' dir='ltr'>ut</span> <span class='ocrx_word' id='word_1_141' title='bbox 1454 1644 1568 1682; x_wconf 88' lang='lat' dir='ltr'>una</span> <span class='ocrx_word' id='word_1_142' title='bbox 1596 1644 1664 1682; x_wconf 88' lang='lat' dir='ltr'>ex</span> <span class='ocrx_word' id='word_1_143' title='bbox 1693 1625 1830 1682; x_wconf 89' lang='lat' dir='ltr'>dua-</span> 
     </span>
     <span class='ocr_line' id='line_1_21' title="bbox 143 1703 1829 1782; baseline 0.001 -20"><span class='ocrx_word' id='word_1_144' title='bbox 143 1704 252 1763; x_wconf 89' lang='lat' dir='ltr'>bus</span> <span class='ocrx_word' id='word_1_145' title='bbox 285 1705 504 1782; x_wconf 76' lang='lat' dir='ltr'>naturis</span> <span class='ocrx_word' id='word_1_146' title='bbox 536 1703 783 1762; x_wconf 89' lang='lat' dir='ltr'>conflata</span> <span class='ocrx_word' id='word_1_147' title='bbox 810 1704 1087 1763; x_wconf 88' lang='lat' dir='ltr'>videatur.</span> <span class='ocrx_word' id='word_1_148' title='bbox 1177 1710 1308 1763; x_wconf 91' lang='lat'>101.</span> <span class='ocrx_word' id='word_1_149' title='bbox 1346 1704 1494 1762; x_wconf 84' lang='lat' dir='ltr'>Exin</span> <span class='ocrx_word' id='word_1_150' title='bbox 1527 1706 1671 1762; x_wconf 87' lang='lat' dir='ltr'>mari</span> <span class='ocrx_word' id='word_1_151' title='bbox 1705 1704 1829 1763; x_wconf 89' lang='lat' dir='ltr'>fini-</span> 
     </span>
     <span class='ocr_line' id='line_1_22' title="bbox 145 1785 1829 1863; baseline 0 -20"><span class='ocrx_word' id='word_1_152' title='bbox 145 1786 322 1843; x_wconf 89' lang='lat' dir='ltr'>timus</span> <span class='ocrx_word' id='word_1_153' title='bbox 355 1789 455 1842; x_wconf 70' lang='lat' dir='ltr'>aer</span> <span class='ocrx_word' id='word_1_154' title='bbox 480 1785 575 1842; x_wconf 93' lang='lat' dir='ltr'>die</span> <span class='ocrx_word' id='word_1_155' title='bbox 609 1791 667 1842; x_wconf 89' lang='lat' dir='ltr'>et</span> <span class='ocrx_word' id='word_1_156' title='bbox 696 1791 866 1842; x_wconf 93' lang='lat' dir='ltr'>nocte</span> <span class='ocrx_word' id='word_1_157' title='bbox 899 1785 1289 1861; x_wconf 84' lang='lat' dir='ltr'>distinguitur,</span> <span class='ocrx_word' id='word_1_158' title='bbox 1315 1786 1476 1863; x_wconf 90' lang='lat' dir='ltr'>isque</span> <span class='ocrx_word' id='word_1_159' title='bbox 1511 1792 1634 1843; x_wconf 92' lang='lat' dir='ltr'>tum</span> <span class='ocrx_word' id='word_1_160' title='bbox 1664 1786 1829 1843; x_wconf 89' lang='lat' dir='ltr'>fusus</span> 
     </span>
     <span class='ocr_line' id='line_1_23' title="bbox 146 1864 1828 1942; baseline -0.001 -18"><span class='ocrx_word' id='word_1_161' title='bbox 146 1872 204 1924; x_wconf 89' lang='lat' dir='ltr'>et</span> <span class='ocrx_word' id='word_1_162' title='bbox 226 1871 563 1923; x_wconf 86' lang='lat' dir='ltr'>extenuatus</span> <span class='ocrx_word' id='word_1_163' title='bbox 593 1864 834 1922; x_wconf 91' lang='lat' dir='ltr'>sublime</span> <span class='ocrx_word' id='word_1_164' title='bbox 855 1865 1054 1934; x_wconf 90' lang='lat' dir='ltr'>fertur,</span> <span class='ocrx_word' id='word_1_165' title='bbox 1072 1873 1200 1922; x_wconf 91' lang='lat' dir='ltr'>tum</span> <span class='ocrx_word' id='word_1_166' title='bbox 1230 1873 1422 1922; x_wconf 88' lang='lat' dir='ltr'>autem</span> <span class='ocrx_word' id='word_1_167' title='bbox 1445 1874 1753 1942; x_wconf 70' lang='lat' dir='ltr'>concretus¹</span> <span class='ocrx_word' id='word_1_168' title='bbox 1767 1867 1828 1922; x_wconf 91' lang='lat' dir='ltr'>in</span> 
     </span>
     <span class='ocr_line' id='line_1_24' title="bbox 144 1945 1831 2023; baseline 0.001 -21"><span class='ocrx_word' id='word_1_169' title='bbox 144 1945 326 2003; x_wconf 90' lang='lat' dir='ltr'>nubes</span> <span class='ocrx_word' id='word_1_170' title='bbox 354 1946 581 2022; x_wconf 86' lang='lat' dir='ltr'>cogitur</span> <span class='ocrx_word' id='word_1_171' title='bbox 608 1960 980 2021; x_wconf 85' lang='lat' dir='ltr'>umoremque</span> <span class='ocrx_word' id='word_1_172' title='bbox 1002 1945 1277 2022; x_wconf 88' lang='lat' dir='ltr'>colligens</span> <span class='ocrx_word' id='word_1_173' title='bbox 1298 1954 1505 2003; x_wconf 89' lang='lat' dir='ltr'>terram</span> <span class='ocrx_word' id='word_1_174' title='bbox 1530 1954 1703 2023; x_wconf 88' lang='lat' dir='ltr'>auget</span> <span class='ocrx_word' id='word_1_175' title='bbox 1726 1947 1831 2003; x_wconf 86' lang='lat' dir='ltr'>im·</span> 
     </span>
     <span class='ocr_line' id='line_1_25' title="bbox 144 2024 1829 2100; baseline 0.001 -18"><span class='ocrx_word' id='word_1_176' title='bbox 144 2025 360 2100; x_wconf 81' lang='lat' dir='ltr'>bribuS,</span> <span class='ocrx_word' id='word_1_177' title='bbox 380 2031 506 2082; x_wconf 91' lang='lat' dir='ltr'>tum</span> <span class='ocrx_word' id='word_1_178' title='bbox 535 2024 768 2082; x_wconf 87' lang='lat' dir='ltr'>effluens</span> <span class='ocrx_word' id='word_1_179' title='bbox 795 2024 908 2082; x_wconf 92' lang='lat' dir='ltr'>huc</span> <span class='ocrx_word' id='word_1_180' title='bbox 937 2031 995 2082; x_wconf 92' lang='lat' dir='ltr'>et</span> <span class='ocrx_word' id='word_1_181' title='bbox 1017 2025 1150 2082; x_wconf 90' lang='lat' dir='ltr'>illuc</span> <span class='ocrx_word' id='word_1_182' title='bbox 1173 2035 1375 2084; x_wconf 85' lang='lat' dir='ltr'>ventos</span> <span class='ocrx_word' id='word_1_183' title='bbox 1404 2025 1592 2083; x_wconf 88' lang='lat' dir='ltr'>efficit.</span> <span class='ocrx_word' id='word_1_184' title='bbox 1664 2026 1829 2084; x_wconf 91' lang='lat' dir='ltr'>Idem</span> 
     </span>
     <span class='ocr_line' id='line_1_26' title="bbox 146 2104 1829 2184; baseline 0 -21"><span class='ocrx_word' id='word_1_185' title='bbox 146 2125 362 2163; x_wconf 88' lang='lat' dir='ltr'>annuas</span> <span class='ocrx_word' id='word_1_186' title='bbox 389 2105 672 2181; x_wconf 78' lang='lat' dir='ltr'>frigorum</span> <span class='ocrx_word' id='word_1_187' title='bbox 701 2112 760 2162; x_wconf 89' lang='lat' dir='ltr'>et</span> <span class='ocrx_word' id='word_1_188' title='bbox 788 2104 1040 2162; x_wconf 85' lang='lat' dir='ltr'>calorum</span> <span class='ocrx_word' id='word_1_189' title='bbox 1067 2105 1211 2163; x_wconf 86' lang='lat' dir='ltr'>facit</span> <span class='ocrx_word' id='word_1_190' title='bbox 1231 2106 1532 2164; x_wconf 88' lang='lat' dir='ltr'>varietates</span> <span class='ocrx_word' id='word_1_191' title='bbox 1560 2106 1829 2184; x_wconf 89' lang='lat' dir='ltr'>idemque</span> 
     </span>
     <span class='ocr_line' id='line_1_27' title="bbox 145 2185 1831 2262; baseline 0 -19"><span class='ocrx_word' id='word_1_192' title='bbox 145 2194 206 2243; x_wconf 91' lang='lat' dir='ltr'>ct</span> <span class='ocrx_word' id='word_1_193' title='bbox 227 2185 447 2243; x_wconf 88' lang='lat' dir='ltr'>volatus</span> <span class='ocrx_word' id='word_1_194' title='bbox 468 2185 670 2242; x_wconf 87' lang='lat' dir='ltr'>alitum</span> <span class='ocrx_word' id='word_1_195' title='bbox 693 2185 935 2242; x_wconf 89' lang='lat' dir='ltr'>sustinet</span> <span class='ocrx_word' id='word_1_196' title='bbox 962 2193 1020 2242; x_wconf 89' lang='lat' dir='ltr'>et</span> <span class='ocrx_word' id='word_1_197' title='bbox 1042 2186 1245 2262; x_wconf 89' lang='lat' dir='ltr'>spiritu</span> <span class='ocrx_word' id='word_1_198' title='bbox 1275 2186 1483 2244; x_wconf 88' lang='lat' dir='ltr'>ductus</span> <span class='ocrx_word' id='word_1_199' title='bbox 1510 2186 1612 2244; x_wconf 89' lang='lat' dir='ltr'>alit</span> <span class='ocrx_word' id='word_1_200' title='bbox 1634 2193 1692 2243; x_wconf 88' lang='lat' dir='ltr'>ct</span> <span class='ocrx_word' id='word_1_201' title='bbox 1713 2206 1831 2244; x_wconf 89' lang='lat' dir='ltr'>sus-</span> 
     </span>
     <span class='ocr_line' id='line_1_28' title="bbox 144 2265 1831 2324; baseline 0 -1"><span class='ocrx_word' id='word_1_202' title='bbox 144 2273 331 2324; x_wconf 88' lang='lat' dir='ltr'>tentat</span> <span class='ocrx_word' id='word_1_203' title='bbox 372 2266 705 2323; x_wconf 66' lang='lat' dir='ltr'>animantes</span> <span class='ocrx_word' id='word_1_204' title='bbox 791 2265 914 2322; x_wconf 90' lang='lat' dir='ltr'>XL.</span> <span class='ocrx_word' id='word_1_205' title='bbox 961 2265 1162 2323; x_wconf 88' lang='lat' dir='ltr'>Restat</span> <span class='ocrx_word' id='word_1_206' title='bbox 1194 2266 1433 2323; x_wconf 85' lang='lat' dir='ltr'>ultimus</span> <span class='ocrx_word' id='word_1_207' title='bbox 1474 2273 1533 2323; x_wconf 88' lang='lat' dir='ltr'>et</span> <span class='ocrx_word' id='word_1_208' title='bbox 1574 2285 1608 2323; x_wconf 88' lang='lat' dir='ltr'>a</span> <span class='ocrx_word' id='word_1_209' title='bbox 1647 2266 1831 2323; x_wconf 90' lang='lat' dir='ltr'>domi-</span> 
     </span>
     <span class='ocr_line' id='line_1_29' title="bbox 145 2345 1830 2423; baseline -0.001 -20"><span class='ocrx_word' id='word_1_210' title='bbox 145 2347 290 2404; x_wconf 86' lang='lat' dir='ltr'>ciliis</span> <span class='ocrx_word' id='word_1_211' title='bbox 334 2346 545 2403; x_wconf 89' lang='lat' dir='ltr'>nostris</span> <span class='ocrx_word' id='word_1_212' title='bbox 589 2345 899 2402; x_wconf 87' lang='lat' dir='ltr'>altissimus</span> <span class='ocrx_word' id='word_1_213' title='bbox 945 2346 1141 2403; x_wconf 87' lang='lat' dir='ltr'>omnia</span> <span class='ocrx_word' id='word_1_214' title='bbox 1184 2346 1420 2423; x_wconf 88' lang='lat' dir='ltr'>cingens</span> <span class='ocrx_word' id='word_1_215' title='bbox 1461 2354 1520 2404; x_wconf 90' lang='lat' dir='ltr'>et</span> <span class='ocrx_word' id='word_1_216' title='bbox 1561 2353 1830 2404; x_wconf 72' lang='lat' dir='ltr'>coercens</span> 
     </span>
     <span class='ocr_line' id='line_1_30' title="bbox 145 2425 1831 2502; baseline -0.001 -18"><span class='ocrx_word' id='word_1_217' title='bbox 145 2427 285 2484; x_wconf 90' lang='lat' dir='ltr'>caeli</span> <span class='ocrx_word' id='word_1_218' title='bbox 328 2425 675 2502; x_wconf 80' lang='lat' dir='ltr'>complexuS,</span> <span class='ocrx_word' id='word_1_219' title='bbox 713 2426 812 2502; x_wconf 91' lang='lat' dir='ltr'>qui</span> <span class='ocrx_word' id='word_1_220' title='bbox 854 2425 1009 2483; x_wconf 90' lang='lat' dir='ltr'>idem</span> <span class='ocrx_word' id='word_1_221' title='bbox 1057 2425 1254 2484; x_wconf 89' lang='lat' dir='ltr'>aether</span> <span class='ocrx_word' id='word_1_222' title='bbox 1293 2433 1546 2497; x_wconf 85' lang='lat' dir='ltr'>vocatur,</span> <span class='ocrx_word' id='word_1_223' title='bbox 1576 2434 1831 2483; x_wconf 87' lang='lat' dir='ltr'>extrema</span> 
     </span>
     <span class='ocr_line' id='line_1_31' title="bbox 146 2505 1832 2584; baseline -0.001 -20"><span class='ocrx_word' id='word_1_224' title='bbox 146 2527 246 2564; x_wconf 89' lang='lat' dir='ltr'>ora</span> <span class='ocrx_word' id='word_1_225' title='bbox 273 2513 332 2564; x_wconf 90' lang='lat' dir='ltr'>et</span> <span class='ocrx_word' id='word_1_226' title='bbox 360 2506 761 2563; x_wconf 86' lang='lat' dir='ltr'>determinatio</span> <span class='ocrx_word' id='word_1_227' title='bbox 790 2505 1010 2577; x_wconf 89' lang='lat' dir='ltr'>mundi,</span> <span class='ocrx_word' id='word_1_228' title='bbox 1036 2506 1096 2562; x_wconf 88' lang='lat' dir='ltr'>in</span> <span class='ocrx_word' id='word_1_229' title='bbox 1127 2526 1242 2584; x_wconf 91' lang='lat' dir='ltr'>quo</span> <span class='ocrx_word' id='word_1_230' title='bbox 1272 2526 1403 2563; x_wconf 91' lang='lat' dir='ltr'>cum</span> <span class='ocrx_word' id='word_1_231' title='bbox 1426 2505 1832 2563; x_wconf 89' lang='lat' dir='ltr'>admirabilita-</span> 
     </span>
     <span class='ocr_line' id='line_1_32' title="bbox 144 2585 1825 2663; baseline -0.001 -19"><span class='ocrx_word' id='word_1_232' title='bbox 144 2595 203 2644; x_wconf 87' lang='lat' dir='ltr'>te</span> <span class='ocrx_word' id='word_1_233' title='bbox 231 2587 483 2644; x_wconf 87' lang='lat' dir='ltr'>maxima</span> <span class='ocrx_word' id='word_1_234' title='bbox 510 2587 710 2663; x_wconf 84' lang='lat' dir='ltr'>igneae</span> <span class='ocrx_word' id='word_1_235' title='bbox 737 2586 958 2644; x_wconf 89' lang='lat' dir='ltr'>formae</span> <span class='ocrx_word' id='word_1_236' title='bbox 981 2605 1177 2644; x_wconf 89' lang='lat' dir='ltr'>cursus</span> <span class='ocrx_word' id='word_1_237' title='bbox 1206 2587 1500 2644; x_wconf 89' lang='lat' dir='ltr'>ordinatos</span> <span class='ocrx_word' id='word_1_238' title='bbox 1528 2585 1825 2644; x_wconf 89' lang='lat' dir='ltr'>definiunt.</span> 
     </span>
     <span class='ocr_line' id='line_1_33' title="bbox 149 2666 1830 2744; baseline 0.001 -22"><span class='ocrx_word' id='word_1_239' title='bbox 149 2672 279 2724; x_wconf 83' lang='lat'>102.</span> <span class='ocrx_word' id='word_1_240' title='bbox 318 2667 366 2723; x_wconf 86' lang='lat' dir='ltr'><strong>E</strong></span> <span class='ocrx_word' id='word_1_241' title='bbox 402 2666 608 2744; x_wconf 89' lang='lat' dir='ltr'>quibus</span> <span class='ocrx_word' id='word_1_242' title='bbox 650 2666 752 2738; x_wconf 90' lang='lat' dir='ltr'>sol,</span> <span class='ocrx_word' id='word_1_243' title='bbox 784 2667 945 2723; x_wconf 91' lang='lat' dir='ltr'>cuius</span> <span class='ocrx_word' id='word_1_244' title='bbox 988 2667 1386 2742; x_wconf 83' lang='lat' dir='ltr'>magnitudine</span> <span class='ocrx_word' id='word_1_245' title='bbox 1430 2666 1626 2724; x_wconf 88' lang='lat' dir='ltr'>multis</span> <span class='ocrx_word' id='word_1_246' title='bbox 1659 2666 1830 2744; x_wconf 90' lang='lat' dir='ltr'>parti·</span> 
     </span>
     <span class='ocr_line' id='line_1_34' title="bbox 144 2746 1830 2824; baseline 0 -21"><span class='ocrx_word' id='word_1_247' title='bbox 144 2746 252 2804; x_wconf 89' lang='lat' dir='ltr'>bus</span> <span class='ocrx_word' id='word_1_248' title='bbox 274 2754 423 2803; x_wconf 86' lang='lat' dir='ltr'>terra</span> <span class='ocrx_word' id='word_1_249' title='bbox 451 2754 763 2823; x_wconf 90' lang='lat' dir='ltr'>superatur,</span> <span class='ocrx_word' id='word_1_250' title='bbox 785 2747 998 2804; x_wconf 89' lang='lat' dir='ltr'>circum</span> <span class='ocrx_word' id='word_1_251' title='bbox 1028 2766 1154 2804; x_wconf 89' lang='lat' dir='ltr'>eam</span> <span class='ocrx_word' id='word_1_252' title='bbox 1177 2748 1356 2824; x_wconf 86' lang='lat' dir='ltr'>ipsam</span> <span class='ocrx_word' id='word_1_253' title='bbox 1383 2747 1647 2818; x_wconf 88' lang='lat' dir='ltr'>volvitur,</span> <span class='ocrx_word' id='word_1_254' title='bbox 1669 2747 1830 2823; x_wconf 91' lang='lat' dir='ltr'>isque</span> 
     </span>
     <span class='ocr_line' id='line_1_35' title="bbox 147 2826 1830 2904; baseline -0.001 -21"><span class='ocrx_word' id='word_1_255' title='bbox 147 2827 334 2883; x_wconf 90' lang='lat' dir='ltr'>oriens</span> <span class='ocrx_word' id='word_1_256' title='bbox 363 2832 420 2883; x_wconf 92' lang='lat' dir='ltr'>et</span> <span class='ocrx_word' id='word_1_257' title='bbox 449 2826 714 2883; x_wconf 89' lang='lat' dir='ltr'>occidens</span> <span class='ocrx_word' id='word_1_258' title='bbox 743 2827 897 2883; x_wconf 89' lang='lat' dir='ltr'>diem</span> <span class='ocrx_word' id='word_1_259' title='bbox 930 2834 1274 2904; x_wconf 90' lang='lat' dir='ltr'>noctemque</span> <span class='ocrx_word' id='word_1_260' title='bbox 1308 2826 1539 2884; x_wconf 90' lang='lat' dir='ltr'>conficit</span> <span class='ocrx_word' id='word_1_261' title='bbox 1567 2834 1626 2884; x_wconf 88' lang='lat' dir='ltr'>et</span> <span class='ocrx_word' id='word_1_262' title='bbox 1653 2826 1830 2883; x_wconf 90' lang='lat' dir='ltr'>modo</span> 
     </span>
     <span class='ocr_line' id='line_1_36' title="bbox 146 2906 1830 2984; baseline -0.001 -21"><span class='ocrx_word' id='word_1_263' title='bbox 146 2906 435 2976; x_wconf 65' lang='lat' dir='ltr'>accedem,</span> <span class='ocrx_word' id='word_1_264' title='bbox 456 2912 580 2962; x_wconf 88' lang='lat' dir='ltr'>tum</span> <span class='ocrx_word' id='word_1_265' title='bbox 610 2912 803 2963; x_wconf 88' lang='lat' dir='ltr'>autem</span> <span class='ocrx_word' id='word_1_266' title='bbox 830 2906 1114 2976; x_wconf 81' lang='lat' dir='ltr'>recedenS‚</span> <span class='ocrx_word' id='word_1_267' title='bbox 1132 2906 1294 2963; x_wconf 86' lang='lat' dir='ltr'>binas</span> <span class='ocrx_word' id='word_1_268' title='bbox 1316 2907 1374 2964; x_wconf 92' lang='lat' dir='ltr'>in</span> <span class='ocrx_word' id='word_1_269' title='bbox 1398 2907 1638 2984; x_wconf 91' lang='lat' dir='ltr'>singulis</span> <span class='ocrx_word' id='word_1_270' title='bbox 1666 2907 1830 2963; x_wconf 86' lang='lat' dir='ltr'>annis</span> 
     </span>
     <span class='ocr_line' id='line_1_37' title="bbox 145 2985 1830 3064; baseline -0.001 -21"><span class='ocrx_word' id='word_1_271' title='bbox 145 2986 493 3044; x_wconf 89' lang='lat' dir='ltr'>reversiones</span> <span class='ocrx_word' id='word_1_272' title='bbox 535 2985 606 3041; x_wconf 88' lang='lat' dir='ltr'>ab</span> <span class='ocrx_word' id='word_1_273' title='bbox 649 2991 904 3043; x_wconf 87' lang='lat' dir='ltr'>extremo</span> <span class='ocrx_word' id='word_1_274' title='bbox 947 2987 1257 3043; x_wconf 88' lang='lat' dir='ltr'>contrarias</span> <span class='ocrx_word' id='word_1_275' title='bbox 1290 2987 1449 3059; x_wconf 86' lang='lat' dir='ltr'>facit,</span> <span class='ocrx_word' id='word_1_276' title='bbox 1474 3006 1713 3064; x_wconf 91' lang='lat' dir='ltr'>quarum</span> <span class='ocrx_word' id='word_1_277' title='bbox 1748 2987 1830 3043; x_wconf 92' lang='lat' dir='ltr'>in-</span> 
     </span>
     <span class='ocr_line' id='line_1_38' title="bbox 145 3065 1827 3143; baseline 0 -20"><span class='ocrx_word' id='word_1_278' title='bbox 145 3065 381 3123; x_wconf 90' lang='lat' dir='ltr'>tervallo</span> <span class='ocrx_word' id='word_1_279' title='bbox 403 3071 525 3122; x_wconf 91' lang='lat' dir='ltr'>tum</span> <span class='ocrx_word' id='word_1_280' title='bbox 559 3065 717 3141; x_wconf 90' lang='lat' dir='ltr'>quasi</span> <span class='ocrx_word' id='word_1_281' title='bbox 747 3065 981 3123; x_wconf 88' lang='lat' dir='ltr'>tristitia</span> <span class='ocrx_word' id='word_1_282' title='bbox 1009 3067 1257 3143; x_wconf 90' lang='lat' dir='ltr'>quadam</span> <span class='ocrx_word' id='word_1_283' title='bbox 1284 3067 1573 3125; x_wconf 89' lang='lat' dir='ltr'>contrahit</span> <span class='ocrx_word' id='word_1_284' title='bbox 1599 3075 1827 3138; x_wconf 84' lang='lat' dir='ltr'>terram,</span> 
     </span>
     <span class='ocr_line' id='line_1_39' title="bbox 147 3144 1827 3214; baseline 0.002 -11"><span class='ocrx_word' id='word_1_285' title='bbox 147 3153 274 3203; x_wconf 89' lang='lat' dir='ltr'>tum</span> <span class='ocrx_word' id='word_1_286' title='bbox 296 3145 544 3202; x_wconf 89' lang='lat' dir='ltr'>vicissim</span> <span class='ocrx_word' id='word_1_287' title='bbox 567 3144 850 3214; x_wconf 89' lang='lat' dir='ltr'>laetificat,</span> <span class='ocrx_word' id='word_1_288' title='bbox 872 3152 937 3202; x_wconf 88' lang='lat' dir='ltr'>ut</span> <span class='ocrx_word' id='word_1_289' title='bbox 957 3165 1088 3203; x_wconf 89' lang='lat' dir='ltr'>cum</span> <span class='ocrx_word' id='word_1_290' title='bbox 1112 3147 1268 3204; x_wconf 90' lang='lat' dir='ltr'>caelo</span> <span class='ocrx_word' id='word_1_291' title='bbox 1290 3147 1531 3205; x_wconf 86' lang='lat' dir='ltr'>hilarata</span> <span class='ocrx_word' id='word_1_292' title='bbox 1550 3146 1827 3206; x_wconf 88' lang='lat' dir='ltr'>videatur.</span> 
     </span>
    </p>
   </div>
  </div>
 </body>
</html>
