2205 3431
127 3251 187 3309 h

224 85 318 132 252
545 105 550 109 ·
895 80 994 128 DE
1026 79 1229 128 FATO.

224 189 479 231 censerent
511 179 679 228 omnia
705 178 776 226 ita
809 177 911 226 fato
948 178 1072 238 fieri,
1107 187 1164 227 ut
1189 178 1243 226 id
1279 180 1436 227 fatum
1470 180 1569 227 vim
1602 182 1909 229 necessitatis

223 248 452 305 adterret,
476 245 633 293 altera
659 259 845 304 eorum,
870 244 952 305 qui
976 244 1081 291 sine
1112 244 1211 292 ullo
1235 244 1338 292 fato
1366 259 1473 292 esse
1499 245 1775 294 animorum
1803 263 1910 294 mo-

223 321 302 360 tus
323 311 622 360 voluntarios
645 318 890 372 putarent,
916 308 1245 371 Chrysippum
1269 311 1341 358 ait
1362 310 1583 359 medium
1605 312 1752 359 ferire
1774 313 1911 360 volu-

222 379 334 438 isse,
367 377 456 425 sed
491 385 658 423 tamen
698 374 854 433 magis
892 375 955 421 ad
997 390 1170 422 eorum
1209 375 1443 423 accedere
1479 377 1790 436 sententiam,
1822 378 1911 440 qui

222 443 511 492 necessitate
535 449 698 487 motus
723 440 914 487 animos
932 439 1112 487 liberos
1137 455 1243 488 esse
1259 440 1573 501 arbitrentur,
1595 457 1701 504 cap.
1727 445 1903 503 17-19,

223 507 252 566 §
277 510 454 556 39-45.
522 507 807 566 Utcumque
832 520 884 552 se
912 520 988 552 res
1017 505 1212 564 habeat,
1238 504 1330 553 hoc
1357 515 1488 554 certe
1514 506 1665 554 modo
1692 507 1756 554 ad
1781 507 1909 556 lianc

222 589 423 621 causam
446 570 816 632 disceptandam
843 584 944 617 nou
971 569 1034 617 ab
1057 571 1236 617 atomis
1264 571 1540 619 errantibus
1562 580 1613 620 et
1635 571 1698 619 de
1720 573 1801 620 via
1823 573 1909 621 de-

222 638 518 686 clinantibus
545 636 790 700 Epicureo
817 649 956 683 more
982 635 1283 697 praesidium
1314 636 1579 697 petendum
1604 637 1771 696 videri,
1797 653 1904 700 cap.

224 707 303 764 20,
328 702 356 762 §
381 705 558 751 46-48.
629 701 761 763 [Vix
783 715 960 763 operae
982 700 1195 762 pretium
1220 711 1294 748 est
1316 716 1397 748 me
1421 701 1499 748 hic
1522 717 1910 752 commemorare

222 769 359 816 illam
389 783 527 830 spem
549 776 699 829 atque
726 766 1027 828 opinionem,
1050 781 1200 828 quam
1230 781 1385 828 nuper
1407 767 1522 813 Itali
1546 767 1750 829 quidam
1773 769 1909 816 exci-

223 843 481 892 taverunt;
519 847 626 880 esse
652 840 702 880 et
724 831 923 880 initium
945 831 1088 880 huius
1112 831 1223 879 libri
1249 840 1300 880 et
1323 831 1420 879 alia
1443 832 1719 890 fragmenta
1745 833 1796 880 in
1826 848 1908 881 co-

222 899 335 947 dice
374 899 688 960 palimpsesto
720 897 933 957 inventa,
966 911 1149 945 vanam
1194 897 1397 944 omnino
1435 912 1493 944 ac
1526 897 1703 945 falsam
1734 898 1901 948 fuisse.

223 965 344 1022 Quis
374 964 521 1022 euim,
556 963 642 1024 qni
669 962 867 1024 quidem
898 962 1073 1009 harum
1108 977 1271 1009 rerum
1297 962 1483 1023 peritus
1516 971 1605 1022 est,
1639 963 1734 1010 hoc
1763 977 1909 1011 exor-

222 1029 359 1076 dium
377 1029 517 1086 ferat‚
539 1027 672 1090 quod
694 1029 753 1075 L.
775 1028 833 1075 C.
854 1027 1086 1074 Fcrrncci
1110 1042 1163 1075 se
1186 1026 1314 1074 dixit
1330 1028 1381 1073 in
1402 1027 1572 1075 codice
1588 1028 1908 1088 palimpsesto

510 1157 1430 1217 MMQ

223 1223 679 1280 MORTALIUM,
724 1223 932 1271 FIDES
978 1223 1108 1270 EST
1155 1222 1768 1272 PHILOSOPHORUM
1813 1224 1910 1270 ET

222 1288 452 1338 VULGI
505 1288 896 1337 COMMUNIS.
991 1287 1126 1336 SED
1182 1288 1361 1348 QUIA
1412 1287 1910 1337 PHILOSOPHUS

222 1354 424 1403 NEMO
489 1353 634 1401 VEL
696 1353 988 1411 HABERI,
1041 1353 1186 1400 VEL
1246 1353 1398 1400 DICI
1459 1353 1693 1413 SOLET,
1760 1354 1908 1402 NISI

221 1418 620 1468 PARUMPER.
653 1417 703 1465 A
738 1417 979 1467 VULGO
1012 1417 1434 1476 DESCISCAT;
1486 1419 1771 1468 ICCIRCO
1807 1419 1909 1466 VI-

223 1484 370 1532 sUM
435 1485 565 1531 EST
635 1483 782 1532 NON
787 1482 1057 1542 NULLIS,
1129 1481 1298 1530 FATI
1364 1483 1409 1530 N
1417 1483 1909 1531 ECESSITATEM

223 1549 372 1597 AUT
404 1548 935 1598 ANTECESSIONE
974 1548 1366 1599 CAUSARUM
1398 1548 1548 1596 AUT
1587 1549 1908 1597 RATIONE

224 1614 721 1663 VOLUNTATUM
771 1613 1010 1673 ATQUE
1055 1612 1607 1661 APPETITIONUM
1652 1614 1902 1674 VARIA,

222 1679 438 1739 QUASI
470 1679 780 1739 FULMEN,
816 1680 859 1726 Ε
895 1677 1128 1728 CAELO
1161 1678 1564 1728 DEDUCERE.
1637 1679 1768 1739 Quia
1799 1695 1909 1742 per-

224 1746 349 1792 tinet
376 1745 437 1792 ad
468 1761 643 1803 morea
669 1760 790 1806 quos
814 1745 932 1803 ἦθος
960 1744 1030 1791 illi
1053 1755 1250 1804 vocant,
1273 1759 1362 1791 nos
1390 1760 1502 1792 eam
1530 1754 1720 1806 partem
1750 1745 1909 1807 philo-

222 1810 422 1871 sophiae
452 1810 513 1857 de
546 1811 760 1857 moribus
791 1809 1035 1871 appellare
1071 1808 1333 1865 solemuS,'’
1356 1819 1449 1857 etc.
1523 1809 1620 1857 Sed
1645 1819 1774 1857 recte
1808 1811 1908 1858 iam

224 1876 308 1923 Fr.
344 1875 653 1934 Ritschelius,
686 1875 1170 1933 intellegentissimus
1205 1875 1379 1921 harum
1414 1889 1577 1922 rerum
1611 1876 1810 1935 arbiter,
1845 1876 1909 1922 de

224 1939 548 1989 hocinvento
578 1955 772 2000 prorsus
799 1939 1070 1986 incredibili
1106 1939 1342 1987 iudicavit
1374 1939 1428 1986 in
1461 1939 1646 1996 Museo·
1667 1940 1909 1989 Rhenano

223 2004 354 2053 Nov.
376 2005 478 2053 Ser.
501 2004 594 2052 vol.
619 2004 732 2065 lx„
758 2020 803 2065 p.
825 2006 921 2053 473
944 2002 1082 2066 sqq.]

742 2115 947 2194 [Deest
977 2116 1381 2197 principium]

302 2253 350 2312 Ι.
439 2260 489 2311 1.
535 2299 548 2312 ,
573 2298 588 2311 .
614 2298 627 2311 .
662 2254 795 2330 quia
828 2253 1078 2330 pertinet
1112 2252 1185 2310 ad
1226 2271 1429 2323 moreS,
1462 2252 1619 2329 qnod
1652 2249 1782 2321 ἦθος
1823 2253 1911 2313 illi

225 2341 448 2404 vocant,
474 2353 578 2390 nos
608 2353 731 2390 eam
760 2339 982 2409 partem
1010 2332 1409 2408 philosophiae
1442 2333 1475 2359 ‘⁶
1497 2333 1568 2389 de
1596 2334 1854 2391 moribus
1871 2334 1906 2362 ’'

223 2414 508 2491 appellare
536 2414 800 2482 solemne,
826 2412 926 2469 sed
947 2412 1112 2469 decet
1138 2418 1444 2489 augentem
1471 2412 1729 2488 linguam
1758 2413 1910 2470 Lati-

225 2514 357 2551 nam
392 2494 688 2550 nominare
715 2492 1007 2562 moralem,
1032 2492 1479 2567 explicandaque
1507 2492 1593 2549 vis
1626 2500 1711 2550 est
1738 2494 1911 2550 ratio-

225 2593 336 2650 que
380 2573 858 2642 enuntiationum,
901 2590 1043 2647 quae
1087 2571 1289 2628 Graeci
1335 2573 1618 2645 ἀξιώματα
1659 2580 1905 2630 vocant:

226 2673 368 2729 quae
398 2654 470 2710 de
497 2672 556 2709 re
584 2652 780 2708 futura
807 2670 938 2708 cum
964 2650 1182 2727 aliquid
1204 2651 1403 2707 dicunt
1425 2652 1608 2727 deque
1638 2671 1723 2721 ec,
1750 2653 1910 2729 quod

224 2732 406 2808 possit
427 2732 548 2789 fieri
576 2739 675 2788 aut
703 2750 818 2787 non
842 2731 1233 2808 possit,‚quam
1255 2731 1369 2787 vim
1392 2730 1640 2787 habeant
1669 2731 1909 2789 obscura

224 2812 482 2886 quaestio
506 2818 607 2881 est,
628 2830 798 2886 qnam
828 2813 943 2884 περὶ
974 2809 1222 2866 δυνατῶν
1243 2810 1572 2886 philosophi
1595 2810 1904 2888 appellant,

224 2895 461 2964 totaque
502 2897 588 2946 est
620 2893 830 2961 λογικίι,
865 2910 1033 2966 quam
1077 2891 1358 2947 rationem
1393 2890 1706 2947 disserendi
1740 2910 1902 2950 voce.

226 2967 398 3034 Quod
431 2974 621 3025 antem
654 2969 714 3024 in
748 2970 859 3025 illis
892 2969 1051 3026 libris
1084 2970 1214 3041 feci,
1248 2971 1345 3046 qui
1379 2978 1512 3027 sunt
1542 2971 1576 2997 “
1597 2970 1668 3027 de
1701 2977 1906 3029 natura
1935 3021 1940 3025 .

227 3045 519 3116 deorum,’'
568 3047 820 3123 itemque
874 3049 934 3104 in
989 3049 1076 3118 iis,
1123 3069 1266 3125 qnos
1324 3050 1357 3076 ‘⁴
1378 3050 1448 3106 de
1498 3050 1850 3108 divinatione
1869 3051 1904 3078 ’'

227 3124 398 3194 edidi,
436 3132 501 3181 nt
534 3125 593 3180 in
627 3134 924 3200 utramque
960 3135 1178 3201 partem
1214 3137 1489 3206 perpetua
1530 3131 1906 3208 explicaret-ur
