2205 3431
513 83 652 131 LIB.
679 83 774 143 ΙΙ.,
803 83 958 132 CAP.
988 83 1482 144 XXV.—XXVIII.,
1511 83 1539 143 ἓ
1568 87 1745 134 55-61.
1876 90 1973 136 217

295 184 424 259 guis
457 203 561 241 nec
595 184 770 240 sudor
795 183 906 240 nisi
940 202 971 240 e
1004 203 1240 260 corpore
1274 190 1374 241 est.
1460 184 1574 241 Sed
1604 192 1661 242 et
1689 186 1973 244 decolora-

295 265 380 320 tio
425 263 703 339 quaedam
746 282 815 320 ex
857 263 1046 339 aliqua
1086 265 1428 339 contagione
1470 271 1692 320 terrena
1723 267 1971 325 maxime

294 350 487 419 potest
529 342 837 418 sanguinis.
861 343 1064 399 similis
1100 362 1226 399 resse
1269 350 1327 400 et
1367 363 1535 400 umor
1574 344 1839 420 adlapsus
1881 366 1972 403 ex-

293 423 586 492 trinsecuS,
611 430 677 479 ut
704 423 764 478 in
792 422 1049 479 tectoriis
1077 423 1336 479 videmus
1364 430 1573 494 austr0,
1599 425 1864 481 sudorem
1893 427 1972 482 vi·

293 502 463 558 detur
493 502 721 559 imitari.
808 502 1006 578 Atque
1037 502 1177 559 haec
1206 503 1266 558 in
1295 502 1637 579 bello‘plura
1670 511 1727 560 et
1755 506 1971 562 maiora

293 583 560 639 videntur
592 582 944 652 timentibuS,
976 582 1176 638 eadem
1209 601 1327 638 non
1361 590 1480 639 tam
1514 583 1971 641 animadvertun-

294 670 388 718 tur
420 663 480 718 in
513 682 667 738 pace.
755 662 996 718 Accedit
1027 661 1172 719 illud
1205 662 1395 733 etiam,
1428 663 1584 739 quod
1617 663 1676 719 in
1708 672 1870 731 metu
1912 674 1970 722 et

292 742 545 818 periculo
576 763 703 799 cum
735 743 1042 800 creduntur
1068 742 1294 799 facilius
1322 750 1446 799 tum
1469 743 1765 819 finguntur
1785 744 1971 821 impu—

293 823 438 880 nius,
477 851 480 854 ·
526 829 616 880 59.
663 823 786 880 Nos
827 829 1019 880 autem
1053 822 1136 879 ita
1167 822 1317 879 leves
1360 830 1530 900 atque
1563 824 1970 882 inconsiderati

291 922 504 974 sumuS,
536 911 617 974 ut,
649 904 697 960 si
729 923 918 960 mures
960 903 1301 960 corroserint
1342 903 1574 980 aliquid,
1607 924 1850 980 quorum
1884 913 1970 962 est

292 1003 440 1059 opus
480 983 591 1041 hoc
640 1003 836 1054 unum,
873 991 1195 1040 monstrum
1237 985 1541 1059 putemus?
1626 985 1779 1042 Ante
1835 1004 1968 1042 vero

292 1063 599 1120 Marsicum
633 1062 862 1133 bellum,
896 1064 1052 1140 quod
1093 1063 1307 1139 clipeos
1341 1063 1597 1133 Lanuvii,
1629 1071 1694 1120 ut
1726 1084 1761 1121 a
1792 1072 1850 1121 te
1885 1073 1970 1122 est

292 1144 531 1214 dictum,
555 1163 744 1200 mures
772 1143 1058 1214 rosissent,
1083 1143 1400 1199 maximum
1428 1144 1489 1199 id
1517 1150 1847 1219 portentum
1876 1144 1971 1201 ha-

291 1224 542 1300 ruspices
576 1243 696 1280 esse
724 1223 1006 1280 dixerunt.
1091 1223 1266 1291 Quasi
1294 1242 1427 1280 vero
1462 1223 1766 1300 quicquam
1801 1224 1971 1281 inter-

291 1304 367 1360 sit
410 1323 600 1361 mures
644 1304 797 1360 diem
843 1311 1071 1360 noctem
1116 1302 1334 1378 aliquid
1379 1303 1645 1360 rodentes
1692 1311 1852 1360 scuta
1896 1325 1968 1361 an

289 1384 475 1440 cribra
502 1384 857 1440 corroserint.
943 1383 1094 1440 Nam
1125 1383 1173 1440 si
1195 1383 1305 1439 ista
1333 1384 1638 1459 sequimur,
1665 1385 1821 1461 quod
1845 1384 1969 1441 Pla-

290 1464 445 1520 tonis
477 1465 510 1491 “
530 1463 789 1540 politiam
807 1463 840 1489 ’'
871 1483 1054 1539 nuper
1081 1463 1237 1539 apud
1258 1482 1351 1520 me
1371 1482 1561 1520 mures
1590 1473 1966 1536 corroserunt,

290 1545 363 1601 de
392 1564 450 1601 re
479 1543 707 1620 publica
734 1543 906 1600 debui
930 1544 1342 1619 pertimescere,
1369 1550 1483 1614 aut,
1509 1543 1557 1600 si
1578 1543 1813 1620 Epicuri
1844 1545 1877 1571 ‘⁴
1897 1545 1969 1602 de

290 1625 583 1701 voluptate
602 1624 635 1651 ’'
665 1623 808 1681 liber
834 1643 1094 1681 corrosus
1123 1631 1284 1694 esset,
1311 1630 1571 1699 putarem
1600 1643 1884 1682 annonam
1910 1625 1968 1681 in

289 1705 527 1763 macello
556 1705 827 1763 cariorem
857 1704 997 1762 fore.
1944 1753 1950 1760 .

371 1786 659 1845 XXVIII.
747 1792 839 1843 60.
883 1786 980 1842 An
1009 1804 1143 1843 vero
1164 1784 1261 1841 illa
1288 1805 1393 1842 nos
1413 1791 1643 1857 terrent,
1669 1785 1717 1842 si
1740 1786 1968 1862 quando

288 1867 480 1945 aliqua
507 1873 878 1943 portentuosa
904 1873 1003 1923 aut
1032 1885 1100 1923 ex
1122 1866 1341 1942 pecude
1369 1873 1469 1922 aut
1490 1886 1557 1922 ex
1582 1866 1813 1923 homine
1836 1872 1970 1923 nata

291 1949 594 2006 dicuntur?
627 1966 869 2024 quorum
895 1946 1171 2017 omnium,
1192 1965 1264 2003 ne
1293 1946 1400 2002 sim
1424 1946 1665 2022 longior,
1685 1966 1800 2003 una
1819 1947 1966 2003 ratio

289 2035 392 2085 est.
470 2027 767 2103 Quidquid
789 2027 939 2083 enim
965 2027 1159 2095 oritur,
1182 2025 1591 2103 qualecumque
1615 2034 1715 2096 est,
1742 2045 1968 2084 causam

288 2107 497 2165 habeat
529 2127 564 2164 a
595 2114 799 2164 natura
829 2125 1056 2164 necesse
1085 2113 1187 2174 est,
1212 2112 1278 2162 ut
1306 2106 1477 2162 etiam
1509 2107 1556 2162 si
1584 2113 1807 2181 praeter
1840 2126 1994 2164 con-.

289 2183 650 2245 suetudinem
700 2186 996 2256 exstiterit,
1028 2194 1251 2262 praeter
1298 2193 1560 2242 naturam
1608 2194 1967 2248 tamennon

289 2269 473 2345 possit
521 2267 804 2324 exsistere.
890 2266 1135 2323 Causam
1184 2265 1361 2341 igitur
1408 2264 1751 2340 investigato
1799 2264 1859 2321 in
1909 2284 1967 2322 re

289 2367 440 2404 nova
480 2354 651 2424 atque
693 2346 1030 2416 admirabili,
1063 2346 1111 2402 si
1145 2346 1374 2420 poteris
1461 2344 1523 2401 Si
1557 2343 1770 2400 nullam
1814 2363 1969 2420 repe·

290 2428 417 2498 rieS,
441 2427 582 2484 illud
609 2434 802 2484 tamen
839 2425 1196 2502 exploratum
1231 2424 1457 2494 habeto,
1482 2424 1626 2479 nihil
1654 2424 1776 2481 fieri
1804 2432 1969 2499 potu-

287 2508 399 2564 isse
428 2508 547 2564 sine
570 2526 752 2577 causa,
779 2525 1022 2583 eumque
1051 2513 1343 2575 terrorem,
1369 2523 1537 2580 quem
1568 2504 1676 2560 tibi
1704 2503 1785 2560 rei
1812 2503 1969 2559 novi-

288 2593 378 2643 tas
421 2587 693 2656 attulerit,
723 2594 958 2643 naturae
984 2585 1223 2644 ,ratione
1268 2584 1556 2660 depellito.
1642 2583 1733 2639 Ita
1764 2590 1821 2640 te
1863 2602 1968 2639 nec

288 2674 470 2724 terrae
511 2667 775 2724 fremitus
809 2686 912 2722 nec
946 2665 1085 2722 caeli
1121 2665 1400 2722 discessus
1432 2683 1537 2720 nec
1570 2663 1828 2740 lapideus
1869 2670 1969 2719 aut

289 2747 634 2823 sanguineus
656 2746 838 2802 imber
865 2765 967 2802 nec
996 2744 1257 2801 traiectio
1288 2744 1481 2801 stellae
1509 2763 1613 2800 nec
1634 2744 1788 2800 faces
1816 2742 1967 2799 visae

287 2826 596 2883 terrebunt.
685 2832 776 2882 61.
822 2825 1078 2893 Quorum
1121 2824 1378 2881 omnium
1413 2843 1609 2880 causas
1642 2824 1690 2879 si
1724 2843 1757 2879 a
1789 2823 1969 2899 Chry-

288 2907 456 2982 sippo
481 2924 763 2984 quaeram,
784 2905 904 2981 ipse
927 2905 1021 2961 ille
1044 2904 1413 2960 divinationis
1435 2912 1633 2960 auctor
1653 2922 1967 2980 numquam

287 2986 387 3043 illa
419 2987 572 3044 dicet
603 2985 758 3047 facta
789 2985 1033 3041 fortuito
1068 2983 1496 3059 naturalemque
1537 2984 1815 3040 rationem
1851 3002 1969 3039 om-

287 3066 449 3122 nium
478 3066 693 3122 reddet.
779 3064 939 3121 Nihil
969 3064 1123 3121 enim
1152 3063 1272 3120 fieri
1302 3063 1422 3119 sine
1451 3082 1619 3119 causa
1645 3070 1837 3139 potest
1864 3081 1968 3118 nec

290 3146 603 3222 quidquam
636 3145 718 3214 fit,
745 3145 901 3221 quod
928 3144 1049 3200 fieri
1082 3162 1199 3199 non
1233 3149 1441 3218 potest.
1527 3142 1584 3198 N
1586 3162 1664 3210 ec,
1690 3143 1738 3198 si
1767 3142 1827 3198 id
1854 3142 1968 3197 fac-

2005 3261 2098 3325 s
