2205 3431
173 119 238 165 98
611 112 709 160 ΒΕ
742 113 1042 160 NATURA
1073 111 1393 161 DEORUM.

173 214 424 290 piantur.
509 212 770 269 Primum
799 213 950 269 enim
981 212 1273 289 superiora
1299 212 1612 289 superciliis
1641 212 1849 271 obduc-

173 304 234 349 ta
261 292 527 349 sudorem
556 312 589 349 a
617 293 801 369 capite
824 299 881 349 et
896 289 935 348 a
955 293 1147 349 fronte
1177 292 1519 349 defluentem
1550 293 1845 368 repellunt.

173 373 366 429 Genae
409 372 615 429 deinde
657 372 729 428 ab
764 372 1032 428 inferiore
1065 380 1228 448 parte
1260 378 1521 429 tutantur
1563 372 1848 431 subiectae

173 452 486 529 leniterque
529 452 858 508 eminentes
943 451 1243 527 Nasusque
1283 452 1366 508 ita
1397 451 1616 508 locatus
1656 459 1758 523 est,
1782 452 1874 510 ut'

175 532 336 608 quasi
374 551 571 588 murus
611 530 790 588 oculis
828 532 1157 588 interiectus
1198 550 1319 589 esse
1350 531 1624 588 videatur.
1713 537 1843 590 144.

171 612 426 669 Auditus
454 618 646 668 autem
669 630 891 687 semper
911 617 1102 687 patet:
1146 611 1268 667 eius
1296 611 1448 667 enim
1479 630 1645 668 sensu
1674 612 1845 668 etiam

172 691 520 748 dormientes
553 709 818 767 egemus:
861 709 895 747 a
930 710 1043 767 quo
1077 710 1207 747 cum
1244 710 1416 747 sonus
1449 699 1535 747 est
1563 699 1843 768 acceptuS,

172 772 345 828 etiam
374 789 405 827 e
434 789 637 826 somno
665 770 991 827 excitamur.
1060 770 1402 828 Flexuosum
1432 770 1540 827 iter
1566 770 1754 841 habet,
1775 790 1845 828 ne

172 849 312 927 quid
346 850 555 907 intrare
589 850 786 927 possit,
813 850 859 905 si
903 849 1142 925 simplex
1182 859 1240 907 et
1279 851 1567 907 derectum
1606 857 1843 927 pateret,

173 930 464 1006 provisum
493 930 682 1000 etiam,
703 936 784 998 ut,
806 930 854 985 si
883 948 995 1005 qua
1016 930 1255 986 minima
1280 929 1522 986 bestiola
1549 936 1847 987 conaretur

171 1011 498 1085 irrumpere,
524 1009 584 1065 in
619 1007 880 1065 sordibus
913 1009 1134 1065 aurium
1169 1015 1464 1086 tamquam
1493 1010 1551 1065 in
1582 1010 1735 1066 visco
1765 1010 1848 1066 in-

170 1089 532 1145 haeresceret.
610 1088 787 1145 Extra
813 1095 1004 1145 autem
1034 1089 1289 1146 eminent
1318 1108 1460 1166 quae
1490 1089 1847 1166 appellantur

170 1188 332 1225 aures
361 1175 419 1225 et
438 1168 670 1244 tegendi
693 1188 862 1225 causa
881 1168 1067 1225 factae
1095 1169 1435 1245 tutandique
1465 1188 1659 1225 sensus
1688 1177 1746 1226 et
1773 1189 1846 1227 ne

170 1248 422 1305 adiectae
451 1268 617 1305 voces
643 1248 967 1305 laberentur
994 1255 1165 1325 atque
1200 1255 1461 1320 errarent,
1482 1249 1640 1325 prius
1674 1268 1844 1325 quam

170 1348 365 1385 sensus
399 1328 469 1385 ab
498 1328 588 1385 his
616 1329 813 1405 pulsus
847 1335 1006 1385 esset.
1093 1328 1209 1385 Sed
1240 1329 1414 1385 duros
1448 1338 1505 1385 ct
1536 1329 1695 1405 quasi
1729 1348 1846 1386 cor·

169 1408 365 1466 neolos
387 1408 599 1466 habent
622 1408 892 1466 introitus
919 1408 1229 1486 multisque
1259 1428 1386 1466 cum
1411 1408 1666 1479 flexibUS,
1690 1409 1846 1486 quod

170 1488 260 1546 his
295 1490 510 1546 naturis
543 1489 751 1546 relatus
785 1489 1165 1565 amplificatur
1199 1508 1386 1546 sonuS.
1471 1488 1752 1557 Quocirca
1788 1496 1846 1546 et

170 1569 229 1625 in
258 1569 467 1626 fidibus
494 1569 782 1626 testudine
811 1576 1107 1627 resonatur
1134 1576 1233 1626 aut
1255 1588 1430 1626 cornu
1461 1578 1518 1626 et
1540 1588 1609 1626 ex
1629 1576 1846 1627 tortuo-

169 1650 246 1705 sis
274 1650 414 1706 locis
444 1657 500 1707 et
527 1650 758 1706 inclusis
793 1650 918 1706 soni
947 1650 1272 1706 referuntur
1304 1649 1623 1727 ampliores
1713 1654 1841 1706 145.

170 1730 446 1787 Similiter
472 1749 651 1802 nareS,
678 1750 820 1807 quae
850 1750 1073 1807 semper
1100 1737 1336 1808 propter
1367 1730 1705 1787 necessarias
1739 1730 1845 1786 uti-

169 1810 358 1867 litates
386 1817 600 1887 patent,
627 1811 1029 1868 contractiores
1058 1810 1272 1868 habent
1299 1810 1583 1880 introituS,
1605 1829 1677 1867 ne
1707 1810 1846 1887 quid

168 1890 227 1947 in
278 1910 387 1961 eae,
426 1890 583 1967 quod
629 1898 847 1961 noceat,
884 1891 1066 1967 possit
1114 1891 1435 1967 pervadere,
1472 1909 1844 1966 umoremque

170 1990 392 2047 semper
424 1969 639 2027 habent
672 1971 745 2027 ad
771 1971 1064 2047 pulverem
1096 1971 1390 2047 multaque
1424 1970 1534 2027 alia
1566 1970 1847 2046 depellen-

168 2051 245 2107 da
283 2070 401 2107 non
444 2050 720 2108 inutilem.
813 2050 1088 2108 Gustatus
1130 2051 1412 2127 praeclare
1455 2056 1683 2124 saeptus
1725 2057 1842 2106 est:

170 2150 266 2188 ore
295 2131 448 2188 enim
478 2131 802 2188 continetur
830 2140 888 2188 et
916 2132 990 2188 ad
1018 2151 1184 2187 usum
1215 2137 1347 2207 apte
1377 2137 1434 2187 et
1456 2130 1529 2186 ad
1551 2129 1847 2186 incolumi-

169 2212 304 2268 tatis
333 2212 669 2270 custodiam.
754 2210 1071 2288 Omnisque
1100 2230 1297 2268 sensus
1325 2210 1625 2271 hominum
1659 2210 1843 2266 multo

169 2291 455 2348 antecellit
478 2291 733 2348 sensibus
753 2290 1081 2348 bestiarum.
1155 2289 1368 2347 LVIII.
1400 2290 1662 2346 Primum
1692 2290 1844 2346 enim

171 2371 320 2428 oculi
355 2372 412 2427 in
448 2372 517 2427 iis
551 2370 782 2441 artibuS,
808 2390 1046 2447 quarum
1081 2370 1356 2427 iudicium
1402 2377 1487 2426 est
1530 2369 1842 2439 oculorum,

170 2451 227 2507 in
257 2452 443 2528 pictis,
464 2450 612 2507 fictis
641 2451 979 2527 caelatisque
1007 2451 1226 2520 formiS,
1249 2450 1309 2506 in
1338 2468 1642 2525 corporum
1672 2449 1844 2505 etiam

168 2532 425 2588 motione
448 2537 618 2607 atque
639 2537 805 2607 gestu
826 2531 1007 2587 multa
1029 2537 1269 2587 cernunt
1291 2529 1571 2600 subtiliuS,
1590 2528 1846 2586 colorum

169 2611 341 2667 etiam
383 2618 442 2668 et
474 2611 784 2687 figurarum
817 2617 941 2667 tum
976 2617 1333 2668 venustatem
1376 2616 1546 2686 atque
1586 2609 1846 2665 ordinem

170 2697 243 2758 et,
265 2697 329 2746 ut
351 2691 432 2747 ita
453 2691 656 2759 dicam,
674 2691 992 2747 decentiam
1016 2690 1167 2747 oculi
1190 2690 1461 2759 iudicant,
1480 2696 1650 2765 atque
1673 2688 1846 2745 etiam

170 2770 281 2825 alia
319 2770 548 2827 maiora.
635 2770 784 2826 Nam
828 2777 886 2827 et
918 2771 1156 2827 virtutes
1191 2777 1248 2825 et
1281 2770 1422 2833 vitia
1455 2774 1844 2844 cognoscunt:

170 2849 379 2905 iratum
412 2849 745 2925 propitium,
770 2849 1077 2906 laetantem
1113 2849 1421 2918 dolentem,
1446 2849 1655 2905 fortem
1693 2849 1847 2923 igna-

170 2948 322 2997 vum,
349 2929 618 2984 audacem
649 2929 1031 3005 timidumque
1061 2937 1429 3003 cognoscunt.
1512 2933 1642 2985 146.
1680 2927 1848 2984 Auri-

171 3027 381 3084 umque
406 3008 543 3063 item
574 3014 659 3063 est
681 3008 1013 3065 admirabile
1043 3008 1334 3085 quoddam
1364 3007 1846 3083 artificiosumque

171 3087 465 3154 iudicium,
494 3105 607 3162 quo
648 3087 933 3144 iudicatur
974 3096 1031 3145 et-
1073 3089 1133 3144 in
1175 3090 1331 3144 vocis
1374 3096 1430 3145 et
1473 3089 1530 3145 in
1575 3088 1846 3145 tibiarum

172 3185 586 3242 nervorumque
631 3165 891 3222 cantibus
934 3168 1172 3224 varietas
1216 3187 1503 3238 sonorum,
1536 3167 1845 3239 intervalla,

77 3280 181 3356 k
