2205 3431
669 112 808 164 ΠΒ.
831 112 900 176 1.,
922 112 1078 163 CAP.
1102 113 1359 176 ἐπ-νη..
1382 112 1411 174 §
1436 116 1612 164 11-16.
1946 117 1978 164 9

298 235 417 273 non
451 214 735 273 levissima
768 214 840 271 de
872 234 948 288 re,
972 221 1040 272 ut
1074 215 1332 292 queritur
1363 215 1458 274 ille
1491 216 1555 272 in
1587 215 1817 273 civitate
1837 216 1978 291 fieri

315 297 575 357 facinora
602 295 894 368 capitalia,

407 454 420 466 .
451 454 464 467 .
495 417 559 466 ab
581 417 741 465 amico
763 424 962 466 amante
984 424 1246 478 argentum
1266 416 1487 480 accipere
1508 416 1747 468 meretrix
1767 417 1947 468 nevolt.

300 539 391 591 14.
425 534 525 592 sed
547 541 613 592 ut
634 534 840 606 adsint,
862 541 1228 610 cognoscant,
1254 535 1711 593 animadvertant
1739 535 1880 628 quid
1902 536 1974 594 de

295 615 589 692 religione,
625 615 856 692 pietate,
901 615 1221 685 sanctitate,
1265 616 1641 687 caerimoniis,
1678 615 1807 687 fide,
1851 617 1972 675 iure
2045 666 2051 673 .

296 694 556 766 iulandO,
588 694 729 772 quid
762 694 835 752 de
875 694 1123 772 templiS,
1156 695 1406 752 delubris
1447 696 1845 774 sacrificiisque
1887 716 1973 753 so-

294 774 594 846 lemnibUS,
621 774 763 852 quid
790 774 905 832 de
889 775 1030 852 ipsis
1063 775 1348 851 auspiciiS‚
1374 775 1582 852 quibus
1613 795 1720 833 nos
1748 796 1973 853 praesu-

295 873 440 925 mm,
472 855 917 912 existimandum
947 855 1036 912 sit.
1120 855 1282 912 Haec
1316 856 1470 913 enim
1499 857 1694 913 omnia
1724 856 1798 914 ad
1824 857 1971 914 hanc

296 933 368 991 de
416 935 506 992 dis
553 934 974 992 immortalibus
1022 935 1417 1011 quaestionem
1472 936 1771 994 referenda
1817 944 1967 995 sunt.

296 1013 570 1072 Profecto
605 1034 703 1072 eos
735 1015 908 1091 ipSOS,
942 1016 1042 1092 qui
1075 1035 1135 1073 se
1168 1015 1388 1092 aliquid
1419 1017 1559 1074 certi
1588 1016 1795 1074 habere
1828 1016 1972 1074 arbi-

294 1101 533 1166 trantur,
570 1094 906 1152 addubitare
948 1104 1121 1172 coget
1162 1095 1624 1153 doctissimorum
1668 1097 1971 1154 hominum

295 1174 368 1231 de
396 1175 646 1232 maxima
672 1194 731 1232 re
759 1181 921 1233 tanta
947 1175 1241 1233 dissensio,
1323 1182 1412 1234 15.
1446 1175 1615 1244 Quod
1643 1197 1772 1233 cum
1803 1196 1971 1253 saepe

295 1254 432 1311 alias
457 1262 585 1312 tum
613 1255 859 1312 maxime
888 1255 1279 1327 animadverti,
1304 1276 1435 1313 cum
1465 1256 1619 1334 apud
1648 1257 1711 1314 C.
1738 1257 1969 1315 Cottam

294 1335 634 1392 familiarem
663 1354 858 1393 meum
895 1344 1153 1393 accurate
1187 1355 1320 1394 sane
1354 1344 1413 1393 et
1440 1336 1745 1413 diligenter
1776 1338 1848 1394 de
1882 1338 1972 1394 dis

294 1414 714 1472 immortalibus
746 1416 1101 1492 disputatum
1139 1423 1240 1473 est.
1326 1417 1475 1473 Nam
1511 1437 1641 1474 eum
1677 1417 1836 1474 feriis
1869 1416 1972 1474 La-

293 1494 432 1551 tinis
472 1495 544 1551 ad
585 1514 716 1552 eum
758 1496 940 1572 ipsius
985 1502 1192 1572 rogatu
1241 1497 1625 1572 arcessituque
1667 1497 1966 1568 venissem,

295 1574 510 1632 offendi
540 1594 672 1632 eum
700 1576 993 1632 sedentem
1027 1576 1087 1631 in
1124 1575 1372 1632 exhedra
1404 1582 1462 1633 et
1494 1595 1624 1633 cum
1660 1576 1724 1633 C.
1746 1575 1970 1634 Velleio

293 1662 551 1711 senatore
580 1655 988 1732 disputantem,
1013 1654 1087 1711 ad
1117 1675 1288 1733 quem
1315 1662 1441 1713 tum
1463 1656 1728 1733 Epicurei
1757 1657 1972 1733 primas
2016 1669 2058 1713 ζ,

293 1754 362 1791 ex
395 1735 605 1793 nostris
637 1735 969 1793 hominibus
1002 1736 1353 1795 deferebant.
1437 1736 1658 1794 Aderat
1691 1738 1863 1794 etiam
1899 1737 1967 1806 Q.

292 1813 543 1872 Lucilius
584 1815 817 1887 BalbuS,
850 1816 947 1893 qui
989 1822 1184 1873 tantos
1233 1835 1564 1893 progressus
1610 1816 1859 1874 habebat
1907 1819 1969 1874 in

292 1894 518 1966 Stoicis,
550 1903 616 1952 ut
657 1915 787 1952 cum
831 1895 1237 1953 excellentibus
1279 1897 1339 1952 in
1381 1915 1449 1953 eo
1491 1916 1697 1970 genere
1739 1897 1971 1955 Graecis

292 1982 729 2051 compararetur.
813 1974 980 2046 Tum,
1006 1983 1072 2032 ut
1099 1995 1192 2033 me
1222 1975 1397 2033 Cotta
1423 1977 1602 2033 vidit:
1650 1977 1972 2054 Peroppor-

289 2062 446 2125 tune,
476 2055 681 2132 inquit,
714 2055 886 2112 veniS.
971 2054 1171 2113 Oritur
1203 2056 1355 2112 enim
1390 2056 1534 2112 mihi
1567 2076 1778 2133 magna
1805 2058 1877 2114 de
1910 2077 1970 2114 re

291 2133 582 2192 altercatio
625 2154 756 2192 cum
790 2134 1031 2206 Vellei0,
1063 2136 1157 2192 cui
1197 2155 1303 2212 pro
1344 2142 1447 2192 tuo
1489 2136 1681 2193 studio
1724 2155 1840 2192 non
1883 2144 1971 2194 est

291 2215 538 2272 alienum
567 2223 625 2272 te
657 2217 938 2273 interesse.
1025 2216 1160 2273 VII.
1244 2222 1332 2272 16.
1371 2216 1555 2291 Atqui
1578 2214 1720 2271 mihi
1745 2234 1973 2291 quoque

291 2295 503 2387 videor,
531 2296 792 2387 inquam,
829 2296 1065 2366 venisse,
1102 2304 1168 2353 ut
1210 2295 1369 2365 dicis,
1409 2302 1748 2371 opportune.
1834 2293 1972 2349 Tres

292 2375 444 2432 enim
472 2376 646 2432 trium
677 2375 1102 2453 disciplinarum
1134 2377 1420 2452 principes
1449 2374 1809 2431 convenistis.
1889 2373 1966 2429 M.

291 2454 428 2512 Piso
464 2456 510 2511 si
545 2455 781 2523 adesset,
813 2456 1024 2512 nullius
1057 2455 1472 2531 philosophiae,
1505 2474 1698 2512 earum
1731 2453 1968 2530 quidem

293 2549 438 2606 quae
485 2531 545 2588 in
595 2530 812 2588 honore
861 2538 1010 2602 sunt,
1047 2537 1272 2588 vacaret
1311 2531 1484 2589 locus,
1571 2533 1719 2590 Tum
1762 2534 1969 2592 Cotta:

292 2610 373 2681 Si,
405 2610 610 2686 inquit,
641 2610 786 2667 liber
811 2575 1092 2668 Antiochi
1126 2610 1325 2681 nostri,
1358 2612 1456 2687 qui
1484 2611 1555 2669 ab
1584 2632 1653 2669 eo
1682 2633 1865 2690 nuper
1896 2615 1972 2671 ad

292 2690 445 2747 hunc
467 2690 717 2747 Balbum
738 2690 946 2748 missus
974 2698 1076 2761 est,
1096 2710 1229 2747 vera
1249 2691 1518 2768 loquitur,
1540 2691 1685 2748 nihil
1706 2700 1793 2749 est
1814 2695 1972 2769 quod

292 2770 565 2827 Pisonem
586 2770 926 2827 familiarem
948 2777 1112 2828 tuum
1137 2770 1435 2829 desideres,
1500 2771 1793 2829 Antiocho
1816 2774 1969 2831 enim

292 2850 475 2907 Stoici
508 2868 640 2907 cum
678 2850 1078 2927 Peripateticis
1117 2869 1176 2907 re
1214 2850 1513 2908 concinere
1548 2851 1828 2923 videntur,
1853 2873 1972 2910 ver-

289 2929 382 2986 bis
410 2929 760 3005 discrepare:
806 2949 919 3007 quo
950 2930 1021 2987 de
1049 2929 1213 3001 libro,
1238 2929 1435 3001 Balbe,
1461 2930 1630 2988 velim
1660 2932 1799 2989 scire
1829 2934 1966 3009 quid

292 3010 519 3068 sentias,
591 3010 829 3085 Egone?
868 3010 1060 3086 inquit
1086 3010 1197 3067 ille.
1277 3009 1454 3067 Miror
1475 3010 1848 3082 Antiochum,
1871 3012 1969 3068 ho-

290 3089 508 3147 minem
541 3089 838 3166 inprimis
870 3096 1119 3160 acutum,
1151 3108 1267 3145 non
1301 3090 1510 3146 vidisse
1545 3091 1813 3146 interesse
1847 3091 1969 3165 plu-

290 3170 502 3228 rimum
543 3170 694 3227 inter
726 3169 968 3240 StoicOS,
1002 3169 1100 3242 qui
1134 3168 1375 3226 honesta
1414 3188 1448 3225 a
1489 3168 1807 3225 commodis
1848 3186 1966 3224 non
