2205 3431
118 3263 159 3317 ἰ

238 131 332 177 192
758 125 857 172 ΒΕ
890 123 1391 175 DIVINATIONE.

235 229 577 306 replicantis,
654 226 826 296 Quod
853 234 912 284 et
939 227 981 283 ii
1003 227 1217 297 vident,
1236 225 1443 303 quibus
1473 225 1748 284 naturalis
1775 226 1918 284 divi-

234 309 392 365 natio
424 309 558 365 data
586 314 688 378 est,
713 314 771 364 et
799 307 858 377 ii,
880 306 1087 383 quibus
1121 325 1316 363 cursus
1343 325 1532 364 rerum
1562 306 1918 374 observando

234 395 466 445 notatus
494 395 594 445 est.
665 386 779 454 Qui
800 387 907 443 etsi
935 406 1131 443 causas
1150 387 1303 463 ipsas
1330 405 1447 443 non
1477 393 1733 457 cernunt,
1754 387 1920 463 signa

233 475 427 525 tamen
457 485 748 524 causarum
786 472 844 523 et
871 473 1038 522 notas
1066 472 1337 522 cernunt:
1381 464 1455 522 ad
1484 484 1624 542 quas
1657 465 1920 523 adhibita

234 547 512 604 memoria
532 554 589 603 et
607 545 907 621 diligentia
925 564 994 602 ex
1011 545 1403 602 monumentis
1425 546 1779 622 superiorum
1804 545 1920 603 effi·

234 627 382 684 citur
400 645 466 683 ea
482 626 779 696 divinatiO,
793 644 936 702 quae
953 624 1259 682 artificiosa
1271 624 1496 695 dicitur,
1512 631 1791 697 extorum,
1807 625 1920 682 ful-

232 725 458 781 gurum,
496 711 849 762 ostentorum
895 705 1302 782 signorumque
1344 704 1689 762 caelestium.
1782 711 1915 763 128.

233 785 291 842 N
293 805 368 842 on
397 792 484 842 est
506 785 682 862 igitur
711 792 775 841 ut
797 784 1122 842 mirandum
1152 785 1225 845 sit
1254 804 1319 841 ca
1346 785 1681 861 praesentiri
1709 804 1743 841 a
1775 785 1920 842 divi-

233 865 519 936 nantibuS‚
541 884 685 941 quae
713 884 995 941 nusquam
1025 865 1155 921 sint.
1222 863 1371 921 Sunt
1397 864 1551 921 enim
1582 865 1791 935 omnia,
1816 865 1919 922 sed

232 951 491 1022 tempore
533 946 756 1002 absunt.
839 944 1035 1021 Atque
1077 951 1145 1001 ut
1185 944 1244 1000 in
1288 944 1601 1002 seminibus
1641 944 1726 1000 vis
1768 945 1919 1002 inest

233 1043 426 1081 earum
456 1043 660 1095 rerum,
683 1044 826 1102 quae
859 1043 929 1081 ex
961 1025 1033 1081 iis
1060 1025 1501 1100 progignuntur,
1529 1025 1608 1080 sic
1640 1024 1698 1079 in
1734 1026 1919 1081 causis

235 1104 500 1162 conditae
534 1113 667 1162 sunt
695 1124 783 1161 res
810 1105 1054 1174 futurae,
1078 1123 1218 1180 quas
1251 1123 1371 1160 esse
1400 1104 1625 1161 futuras
1657 1111 1757 1160 aut
1786 1123 1920 1160 con-

232 1183 407 1242 citata
449 1203 612 1241 mens
656 1192 756 1241 aut
801 1184 988 1241 soluta
1029 1203 1233 1241 somno
1277 1184 1459 1241 cernit
1491 1190 1591 1240 aut
1628 1183 1775 1240 ratio
1818 1192 1920 1241 aut

230 1264 558 1321 coniectura
585 1264 909 1341 praesentit.
972 1262 1170 1340 Atque
1198 1270 1263 1320 ut
1290 1263 1349 1334 ii,
1372 1263 1471 1340 qui
1499 1263 1636 1320 solis
1663 1270 1722 1320 et
1750 1262 1918 1321 lunae

231 1344 693 1421 reliquorumque
736 1344 985 1400 siderum
1029 1350 1205 1414 ortuS‚
1244 1343 1438 1401 obitus
1478 1350 1785 1419 motusque
1827 1363 1921 1400 co-

231 1432 500 1501 gnorunt,
545 1444 659 1501 quo
703 1424 955 1500 quidque
996 1429 1257 1500 tempore
1298 1442 1494 1480 eorum
1537 1423 1800 1480 futurum
1844 1423 1919 1480 sit

230 1503 414 1561 multo
444 1511 575 1560 ante
603 1504 955 1580 praedicunt,
981 1503 1060 1559 sic
1089 1503 1190 1579 qui
1217 1521 1444 1560 cursum
1472 1521 1659 1560 rerum
1690 1511 1919 1560 evento-

229 1603 471 1660 rumque
499 1583 964 1660 consequentiam
988 1583 1364 1639 diuturnitate
1386 1588 1730 1659 pertractata
1757 1590 1920 1640 nota—

230 1671 450 1735 verunt,
475 1670 575 1722 aut
602 1682 825 1742 semper
851 1669 967 1735 aut,
1000 1663 1048 1720 si
1081 1662 1143 1720 id
1171 1661 1399 1720 difficile
1432 1668 1535 1733 est,
1558 1662 1913 1740 plerumque,

232 1745 389 1821 quod
411 1745 458 1801 si
487 1763 559 1801 ne
586 1744 649 1801 id
678 1744 910 1836 quidem
940 1743 1289 1814 conceditur,
1311 1763 1425 1800 non
1457 1762 1772 1820 numquam
1801 1762 1918 1800 cer-

229 1831 288 1881 te
318 1824 457 1901 quid
478 1825 738 1881 futurum
768 1824 842 1881 sit
863 1824 1221 1899 intellegunt.
1298 1822 1489 1900 Atque
1511 1823 1649 1880 haec
1679 1823 1915 1900 quidem

230 1910 289 1960 et
319 1904 595 1980 quaedam
625 1904 796 1961 huius
828 1904 988 1961 modi
1023 1909 1363 1979 argumenta
1394 1921 1496 1960 cur
1528 1902 1606 1959 sit
1632 1903 1915 1961 divinatio

230 1983 523 2040 ducuntur
550 2003 584 2040 a
610 1984 751 2041 fato,

311 2062 497 2121 LVII.
587 2068 717 2119 129.
755 2063 811 2121 A
844 2070 1048 2120 natura
1080 2069 1274 2119 autem
1308 2061 1418 2119 alia
1452 2061 1731 2138 quaedam
1765 2063 1914 2120 ratio

229 2149 333 2214 est,
356 2162 500 2219 quae
528 2143 698 2200 docet
720 2149 934 2219 quanta
962 2143 1036 2199 sit
1058 2142 1237 2199 animi
1258 2141 1344 2198 vis
1372 2141 1627 2200 seiuncta
1654 2161 1688 2198 a
1715 2160 1915 2218 corpo-

229 2224 306 2280 ris
335 2223 624 2280 sensibus:
675 2223 831 2300 quod
857 2223 1107 2279 maxime
1141 2222 1428 2297 contingit
1455 2229 1555 2278 aut
1583 2221 1916 2279 dormienti-

229 2303 336 2360 bus
357 2310 456 2360 aut
476 2310 669 2360 mente
691 2302 982 2379 permotis.
1043 2302 1133 2360 Ut
1154 2302 1307 2359 enim
1331 2302 1565 2359 deorum
1591 2301 1769 2358 animi
1791 2302 1914 2359 sine

229 2384 425 2454 oculiS,
447 2384 568 2440 sine
596 2382 842 2454 auribus,
864 2382 985 2439 sine
1006 2381 1204 2458 lingua
1232 2382 1485 2438 sentiunt
1506 2381 1655 2437 inter
1683 2400 1743 2438 se
1772 2382 1915 2458 quid

229 2464 469 2540 quisque
498 2463 721 2533 sentiat,
744 2481 813 2519 ex
844 2481 957 2538 quo
985 2460 1053 2518 fit
1082 2470 1148 2518 ut
1168 2462 1448 2530 homineS,
1469 2461 1642 2518 etiam
1672 2480 1804 2517 cum
1832 2468 1913 2518 ta-

228 2544 329 2600 citi
363 2550 568 2620 optent
603 2542 743 2619 quid
777 2549 876 2599 aut
911 2549 1171 2612 voveant,
1197 2561 1314 2598 non
1357 2540 1627 2598 dubitent
1670 2540 1807 2616 quin
1851 2541 1915 2598 di

227 2623 371 2680 illud
399 2623 722 2693 exaudiant,
748 2622 828 2679 sic
862 2622 1041 2678 animi
1068 2621 1389 2691 hominum,
1414 2640 1545 2677 cum
1581 2627 1679 2677 aut
1708 2639 1913 2678 somno

228 2703 401 2760 soluti
430 2709 632 2760 vacant
665 2721 902 2779 corpore
936 2708 1036 2759 aut
1067 2707 1261 2757 mente
1295 2700 1544 2777 permoti
1572 2719 1675 2776 per
1708 2719 1766 2757 se
1800 2700 1911 2776 ipsi

227 2782 392 2839 liberi
432 2783 656 2840 incitati
697 2788 1017 2852 moventur,
1055 2788 1296 2837 cernunt
1337 2800 1420 2850 ea,
1458 2799 1600 2857 quae
1642 2780 1915 2856 permixti

227 2881 360 2918 cum
389 2881 625 2939 corpore
654 2862 831 2919 animi
853 2861 1044 2918 videre
1071 2879 1189 2917 non
1219 2866 1476 2936 possunt.
1553 2865 1683 2917 130.
1715 2858 1914 2936 Atque

227 2940 375 2996 hanc
419 2942 650 3016 quidem
692 2941 972 2997 rationem
1014 2947 1250 2996 naturae
1285 2939 1514 2996 difficile
1549 2947 1634 2996 est
1668 2939 1916 2997 fortasse

227 3019 523 3074 traducere
551 3018 625 3074 ad
654 3019 714 3074 id
735 3037 915 3093 genus
943 3019 1330 3089 divinationis,
1353 3019 1509 3096 quod
1538 3038 1606 3075 ex
1636 3027 1757 3076 arte
1785 3039 1917 3095 pro-

228 3097 448 3153 fectum
478 3096 736 3164 dicimuS‚
763 3098 862 3153 sed
889 3105 1083 3154 tamen
1112 3098 1174 3154 id
1204 3117 1443 3189 quoque·
1463 3099 1704 3155 rimatur
1739 3118 1918 3175 quan-

232 3182 355 3231 tum
384 3181 576 3249 potest
604 3174 965 3232 Posidonius,
1043 3176 1181 3233 Esse
1210 3185 1401 3234 censet
1430 3178 1488 3233 in
1517 3185 1723 3237 natura
1749 3176 1917 3256 signa
