2205 3431
272 122 369 168 238
799 120 899 169 DE
932 118 1429 168 DIVINATIONE.

227 233 239 244 ·
272 220 535 278 Primum
557 220 759 279 Latine
781 221 996 297 Apollo
1018 240 1335 298 numquam
1357 221 1584 278 locutus
1612 228 1714 278 est.
1783 221 1955 279 Dein·

271 301 345 358 de
378 301 490 358 ista
521 320 642 358 sors
676 300 936 358 inaudita
968 300 1200 358 Graecis
1233 308 1334 358 est.
1420 300 1722 357 Praeterea
1748 300 1959 376 Pyrrhi

270 381 633 458 temporibus
653 381 769 437 iam
799 380 1013 458 Apollo
1042 400 1237 438 versus
1257 381 1444 437 faeere
1467 381 1725 437 desierat.
1794 380 1961 438 Post-

271 480 447 533 remo,
476 480 821 538 quamquam
851 480 1075 537 semper
1101 461 1234 530 fuit,
1260 466 1325 517 ut
1354 459 1509 537 apud
1537 460 1790 517 Ennium
1821 467 1926 532 est,

456 629 468 640 .
590 628 603 641 .
726 628 738 640 .
995 591 1231 641 stolidum
1253 607 1407 651 genus
1430 591 1784 651 Aeacidarum,
1841 575 1849 583 ⁰

453 656 810 719 Bellipotentes
833 663 946 704 sunt
968 656 1128 716 magis
1151 671 1299 719 quam
1323 657 1773 720 sapientipotenteS,

270 785 465 836 tamen
508 777 655 834 hanc
697 776 1110 853 amphiboliam
1152 796 1347 834 versus
1379 776 1709 854 intellegere
1742 778 1960 853 potuis-
1999 768 2008 774 ’

273 865 375 928 set,
403 858 437 885 ‘⁴
457 857 679 914 vincere
706 864 765 913 te
794 857 1088 914 Romanos
1108 856 1141 883 '’
1176 856 1359 913 nihilo
1392 858 1577 933 magis
1607 858 1669 914 in
1698 876 1756 914 se
1786 876 1960 934 quam

271 938 332 993 in
354 937 648 994 Romanos
668 935 867 993 valere.
946 936 1095 993 Nam
1119 935 1216 992 illa
1235 936 1602 1013 amphibolia,
1626 955 1769 1012 quae
1791 936 1962 995 Croe-

274 1036 401 1073 sum
435 1015 678 1092 decepit,
708 1016 799 1073 vel
833 1015 1221 1093 Chrysippum
1258 1016 1542 1092 potuisset
1574 1017 1786 1087 fallere,
1819 1017 1960 1075 haec

276 1116 407 1154 vero
428 1115 500 1153 ne
523 1095 837 1173 Epicurum
867 1097 1116 1172 quidem.
1203 1095 1385 1154 LVII.
1467 1096 1597 1154 117.
1645 1096 1775 1166 Sed,
1804 1099 1963 1174 quod

274 1184 448 1253 caput
487 1184 587 1247 est,
613 1195 713 1233 cur
752 1176 865 1232 isto
908 1176 1086 1233 modo
1131 1176 1247 1232 iam
1290 1176 1515 1233 oracula
1554 1176 1799 1253 Delphis
1840 1196 1960 1234 non

274 1256 538 1325 eduntur,
568 1275 686 1312 non
726 1255 905 1313 modo
937 1264 1137 1313 nostra
1177 1263 1377 1327 aetate,
1410 1256 1510 1313 sed
1543 1256 1658 1314 iam
1693 1256 1810 1328 diu,
1842 1257 1961 1313 iam

275 1345 341 1394 ut
368 1335 513 1393 nihil
533 1336 717 1413 possit
737 1355 858 1393 esse
886 1336 1312 1412 contemptius?
1394 1336 1524 1393 Hoc
1554 1336 1681 1393 loco
1711 1356 1843 1393 cum
1872 1357 1961 1393 ur-

273 1424 497 1494 gentur,
523 1416 816 1474 evanuisse
850 1416 1013 1473 aiunt
1040 1423 1322 1473 vetustate
1351 1416 1467 1472 vim
1502 1416 1614 1473 loci
1643 1417 1779 1486 eiUS,
1806 1417 1960 1474 unde

274 1496 560 1554 anhelitus
587 1496 683 1554 ille
711 1504 891 1554 terrae
920 1496 1095 1568 fieret,
1123 1515 1237 1572 quo
1260 1495 1476 1572 Pythia
1500 1503 1694 1553 mente
1723 1497 1963 1554 incitata

276 1576 503 1635 oracula
530 1577 737 1634 ederet.
822 1576 913 1633 De
942 1577 1076 1633 vino
1105 1585 1204 1635 aut
1226 1576 1565 1633 salsamento
1588 1583 1757 1653 putes
1778 1576 1958 1653 loqui,

277 1677 421 1736 quae
454 1663 797 1715 evanescunt
830 1663 1128 1714 vetustate.
1213 1656 1304 1713 De
1332 1656 1390 1713 vi
1417 1655 1529 1713 loci
1556 1657 1747 1734 agitur
1772 1676 1974 1734 neque.

276 1739 462 1796 solum
506 1738 767 1809 naturali,
798 1737 899 1795 sed
940 1738 1115 1795 etiam
1153 1737 1363 1809 divina,
1396 1757 1540 1815 quac
1576 1757 1690 1814 quo
1723 1737 1961 1795 tandem

274 1819 452 1877 modo
486 1819 759 1876 evanuit?
835 1819 1158 1889 Vetustate,
1189 1818 1427 1895 inquies
1513 1816 1672 1887 Quae
1707 1824 1962 1875 vetustas

276 1906 363 1955 est
393 1917 535 1975 quae
563 1899 681 1955 vim
711 1899 964 1956 divinam
994 1898 1269 1956 conficere
1297 1898 1517 1975 possit?
1561 1897 1701 1974 quid
1729 1905 1848 1955 tam
1878 1898 1963 1955 di-

275 1979 474 2034 vinum
503 1985 695 2036 autem
726 1998 897 2055 quam
925 1978 1169 2036 adflatus
1198 1999 1265 2036 ex
1293 1985 1443 2036 terra
1463 1985 1716 2036 mentem
1737 1979 1821 2035 ita
1842 1997 1965 2035 mo-

275 2078 429 2129 venS,
453 2064 519 2115 ut
552 2077 677 2115 eam
711 2059 1009 2135 providam
1043 2079 1232 2117 rerum
1274 2059 1598 2116 futurarum
1640 2058 1863 2130 efficiat,
1897 2066 1965 2116 ut

276 2158 344 2195 ea
376 2158 492 2195 non
526 2139 703 2195 modo
746 2147 939 2196 cernat
970 2140 1157 2197 multo
1199 2145 1347 2208 ante,
1367 2138 1480 2195 'sed
1513 2139 1686 2196 etiam
1721 2158 1963 2196 numero

276 2237 554 2295 versuque
575 2213 946 2296 pronuntiet?
1019 2219 1264 2288 Quando
1293 2227 1484 2276 autem
1507 2220 1617 2276 ista
1642 2219 1728 2275 vis
1756 2237 1966 2276 evanu-

276 2298 358 2355 it?
438 2299 536 2355 An
570 2307 878 2376 postquam
913 2298 1177 2356 homines
1208 2299 1400 2356 minus
1434 2299 1648 2356 creduli
1683 2318 1804 2356 esse
1839 2319 1967 2356 coe·

278 2380 520 2455 perunt?
605 2385 735 2436 118.
780 2378 1203 2436 Demosthenes
1233 2379 1483 2456 quidem,
1510 2380 1607 2455 qui
1629 2378 1838 2437 abhinc
1868 2399 1968 2436 an·

277 2477 385 2514 nos
413 2477 592 2535 prope
623 2476 734 2516 ccc
763 2459 897 2528 fuit,
922 2459 1036 2515 iam
1057 2466 1186 2516 tum
1213 2461 1553 2535 φιλιππίζειν
1574 2458 1850 2534 Pythiam
1882 2460 1968 2516 di-

279 2537 460 2609 cebat,
483 2538 544 2595 id
573 2544 675 2609 est,
698 2539 858 2614 quasi
879 2557 1011 2602 cum
1034 2539 1309 2617 Philippo
1331 2539 1534 2596 facere.
1612 2539 1745 2595 Hoc
1766 2552 1966 2595 autem

279 2637 348 2674 eo
383 2617 694 2694 spectabat,
725 2625 793 2675 ut
825 2637 949 2675 eam
985 2638 1019 2675 a
1051 2619 1329 2697 Philippo
1367 2626 1694 2695 corruptam
1729 2618 1965 2676 diceret.

280 2697 409 2765 Quo
437 2698 572 2755 licet
599 2697 920 2755 existimare
948 2699 1010 2755 in
1038 2699 1164 2758 aliis
1194 2718 1420 2775 quoque
1455 2697 1695 2755 oraculis
1722 2697 1971 2775 Delphi-

279 2777 360 2833 cis
390 2776 606 2854 aliquid
634 2796 750 2834 non
780 2778 981 2838 sinceri
1003 2778 1195 2840 fuisse.
1283 2778 1396 2836 Sed
1419 2779 1609 2835 nescio
1641 2797 1754 2854 quo
1782 2778 1969 2835 modo

280 2855 376 2910 isti
405 2856 736 2931 philosophi
766 2859 1147 2933 superstitiosi
1176 2865 1234 2915 et
1261 2878 1441 2933 paene
1468 2857 1706 2915 fanatici
1735 2857 1972 2934 quidvis

280 2932 447 2988 malle
476 2933 742 2990 videntur
764 2954 935 3011 quam
964 2956 1023 2993 se
1051 2956 1168 2994 non
1191 2939 1432 3013 ineptos
1510 2937 1821 2995 Evanuisse
1849 2956 1971 2993 ma·

281 3009 453 3066 vultis
487 3017 546 3066 et
579 3013 923 3069 exstinctum
965 3035 1084 3072 esse
1119 3017 1197 3086 id,
1230 3017 1402 3092 quod,
1435 3017 1483 3073 si
1517 3036 1792 3094 umquam
1825 3017 1973 3074 fuis-

284 3094 385 3155 set,
417 3095 566 3144 eerte
612 3096 904 3148 aeternum
950 3102 1113 3163 esset,
1147 3115 1317 3171 quam
1363 3115 1444 3167 ea,
1479 3116 1622 3173 quae
1665 3115 1785 3154 non
1831 3103 1971 3154 sunt

284 3164 578 3233 credenda,
604 3184 717 3221 non
748 3169 988 3227 credere.
