2205 3431
464 113 601 164 ΜΒ.
632 113 753 175 111.,
782 113 940 164 CAP.
965 113 1483 173 XXV111.-xxxt.‚
1513 111 1541 173 ς
1573 115 1750 163 71-76.
1854 115 1949 162 133

268 214 541 293 publicas.
627 214 698 270 Id
732 233 959 291 quoque
988 213 1049 271 L.
1074 214 1296 272 Alenus
1323 214 1480 284 fecit,
1501 233 1632 271 cum
1667 213 1951 290 chirogra-

266 297 450 373 phum
480 314 576 351 sex
606 295 920 371 primorum
944 294 1204 351 imitatus
1232 300 1333 351 est.
1408 293 1561 362 Quid
1582 293 1693 350 hoc
1715 294 1951 351 homine

267 375 587 433 sollertius?
669 373 967 450 Cognosce
1009 374 1148 430 alias
1190 374 1566 450 quaestioneS,
1592 374 1714 430 auri
1753 373 1949 430 Tolos-

267 456 406 525 sani,
444 453 854 511 coniurationis
898 453 1288 529 Iugurthinae.
1373 453 1591 530 Repete
1641 453 1948 529 superiora,

266 534 478 592 Tubuli
500 534 573 592 de
600 533 843 610 pecunia
870 541 1038 609 capta
1065 532 1141 590 ob
1169 553 1291 590 rem
1319 533 1682 590 iudicandam
1706 551 1718 590 ε
1763 539 1951 609 poste·

265 616 431 686 riora,
456 614 528 671 de
562 614 782 671 incestu
817 613 1116 690 rogatione
1144 613 1457 684 Peducaea,
1478 620 1604 670 tum
1638 612 1777 670 haec
1812 613 1951 670 coti-

266 695 451 764 diana,
483 695 646 765 sicae,
673 693 892 760 veneni,
923 692 1234 768 peculatuS‚
1259 699 1731 750 testamentorum
1775 693 1948 749 etiam

265 775 390 850 lege
432 793 581 831 nova
623 773 998 850 quaestiones,
1084 773 1228 830 Inde
1266 772 1363 829 illa
1406 773 1592 830 actio:
1639 792 1756 830 οΡΕ
1806 791 1951 829 con-

268 873 548 917 sumtum
592 873 707 911 'ruo
759 872 1000 911 FURTUM
1046 871 1151 910 Alo
1195 872 1435 910 FAo‘rUM
1482 871 1643 923 Essn,
1680 851 1814 909 inde
1859 859 1951 909 tot

264 934 478 990 iudicia
505 934 576 990 de
598 932 710 990 fide
740 933 904 1004 mala,
928 932 1157 1002 tutelae,
1179 932 1453 1001 mandati,
1475 951 1580 1009 pro
1610 932 1782 1002 soci0,
1806 931 1951 988 fidu-

265 1014 401 1082 ciae,
438 1013 669 1090 reliqua,
707 1033 850 1090 quae
900 1033 968 1070 ex
1011 1022 1210 1089 empto
1253 1020 1352 1069 aut
1393 1012 1627 1069 vendito
1671 1020 1770 1069 aut
1818 1031 1950 1069 con-

265 1094 440 1150 ducto
483 1102 582 1151 aut
622 1094 809 1150 locato
855 1102 1054 1150 contra
1086 1093 1259 1149 fidem
1304 1091 1466 1162 fiunt,
1491 1091 1627 1149 inde
1669 1092 1945 1148 iudicium

264 1173 560 1249 publicum
602 1174 680 1230 rei
717 1173 969 1250 privatae
1011 1172 1137 1249 lege
1172 1172 1475 1242 Plaetoria,
1501 1172 1635 1228 inde
1677 1172 1950 1229 everricu-

265 1253 385 1310 lum
436 1253 781 1310 malitiarum
832 1253 1110 1321 omnium,
1143 1252 1420 1310 iudicium
1470 1252 1543 1309 de
1592 1251 1726 1308 dolo
1774 1251 1945 1323 malo,

265 1333 423 1410 quod
456 1332 520 1390 C.
544 1332 830 1410 Aquilius,
866 1333 1165 1389 familiaris
1205 1340 1414 1402 noster,
1451 1332 1724 1408 protulit:
1777 1351 1946 1408 quem

265 1413 464 1470 dolum
505 1413 659 1470 idem
701 1413 971 1489 Aquilius
1011 1420 1139 1469 tum
1179 1413 1363 1470 teneri
1405 1419 1587 1488 putat,
1619 1430 1749 1469 cum
1793 1411 1949 1469 aliud

264 1493 341 1549 sit
383 1493 729 1563 simulatum,
761 1493 917 1549 aliud
965 1500 1173 1550 actum.
1262 1493 1353 1549 75.
1400 1492 1568 1549 Hanc
1610 1492 1788 1568 igitur
1827 1499 1953 1548 tan-

263 1580 386 1629 tam
413 1593 448 1629 a
479 1574 569 1630 dis
596 1572 1016 1630 immortalibus
1049 1571 1391 1629 arbitramur
1418 1572 1698 1629 malorum
1734 1591 1952 1628 semen-

263 1660 384 1710 tem
423 1672 542 1710 esse
575 1654 826 1710 factam?
908 1652 971 1710 Si
1005 1653 1159 1709 enim
1200 1653 1480 1709 rationem
1515 1651 1847 1709 hominibus
1888 1652 1948 1708 di

264 1734 562 1803 dederunt,
594 1734 871 1791 malitiam
911 1733 1226 1791 dederunt:
1270 1742 1356 1791 est
1390 1734 1544 1790 enim
1577 1733 1800 1790 malitia
1832 1752 1952 1789 ver-

264 1823 395 1870 suta
420 1822 478 1871 et
499 1814 670 1871 fallax
700 1814 844 1871 ratio
875 1813 1151 1871 nocendi:
1185 1813 1361 1871 iidem
1392 1813 1565 1871 etiam
1594 1814 1653 1870 di
1682 1813 1945 1870 fraudem

264 1894 562 1964 dederunt,
575 1894 799 1951 facinus
821 1901 1136 1970 ceteraque,
1158 1913 1402 1970 quorum
1430 1893 1573 1950 nihil
1603 1913 1707 1951 nec
1736 1894 1948 1969 suscipi

264 1974 386 2030 sine
419 1974 638 2031 ratione
672 1993 776 2031 nec
810 1973 956 2031 effici
990 1981 1199 2050 potest.
1278 1974 1311 2001 “
1332 1973 1575 2031 Utinam
1593 1973 1625 2000 ”
1664 1973 1856 2050 igitur,
1881 1981 1950 2031 ut

262 2053 362 2110 illa
389 2073 531 2112 anus
559 2061 739 2131 optat,

850 2174 912 2207 ne
933 2159 983 2206 in
1005 2173 1207 2206 nemore
1229 2157 1369 2206 Pelio
1393 2158 1644 2205 securibus

519 2224 676 2273 Caesa
697 2224 956 2272 accidisset
978 2224 1189 2284 abiegna
1207 2223 1271 2271 ad
1295 2231 1479 2271 terram
1501 2224 1681 2283 trabeS,

264 2369 344 2426 sic
367 2368 536 2425 istam
559 2368 928 2426 calliditatem
947 2367 1279 2425 hominibus
1301 2367 1451 2424 dine
1473 2367 1797 2425 dedissent!
1834 2387 1948 2444 qua

262 2449 531 2526 perpauci
566 2448 711 2505 benc
748 2455 1000 2519 utuntur,
1027 2448 1127 2524 qui
1161 2455 1352 2505 tamen
1387 2448 1498 2524 ipsi
1532 2467 1698 2524 saepe
1733 2467 1766 2504 a
1797 2448 1947 2505 male

263 2528 558 2585 utentibus
593 2528 1011 2605 opprimuntur,
1037 2526 1479 2585 innumerabiles
1510 2535 1702 2585 autem
1736 2528 1949 2604 impro-

260 2608 335 2665 be
380 2616 630 2678 utuntur,
656 2615 722 2664 ut
754 2608 971 2664 donum
1007 2607 1119 2665 hoc
1152 2608 1410 2664 divinum
1444 2607 1683 2664 rationis
1724 2615 1782 2664 et
1815 2627 1946 2665 con-

263 2688 376 2745 silii
405 2687 477 2745 ad
499 2688 760 2745 fraudem
789 2687 1138 2758 hominibuS,
1158 2707 1275 2744 non
1305 2688 1379 2745 ad
1401 2688 1716 2745 bonitatem
1740 2687 1948 2765 imper-

261 2768 436 2825 titum
468 2788 587 2825 esse
617 2767 887 2824 videatur.

343 2847 573 2905 XXXI.
645 2849 736 2904 76.
774 2847 888 2908 Sed
916 2846 1133 2924 urgetis
1154 2846 1469 2904 identidem
1491 2847 1793 2904 hominum
1825 2866 1946 2905 esse

260 2928 434 2985 istam
456 2928 698 3004 culpam,
720 2947 837 2984 non
860 2927 1098 2984 deorum
1119 2945 1133 2984 :
1173 2935 1240 2984 ut
1261 2927 1308 2983 si
1329 2926 1585 2984 medicus
1605 2928 1944 3003 gravitatem

259 3007 467 3078 mor'bi,
481 3008 829 3083 gubernator
846 3007 961 3063 vim
980 3007 1340 3084 tempestatis
1362 3014 1602 3077 accuset,
1620 3008 1726 3064 etsi
1745 3007 1803 3063 hi
1824 3008 1946 3084 qui-

262 3087 395 3144 dem
418 3087 769 3151 homunculi,
787 3087 887 3144 sed
909 3094 1100 3143 tamen
1125 3087 1364 3143 ridiculi.
1436 3086 1576 3154 Quis
1594 3087 1747 3144 enim
1769 3094 1828 3143 te
1850 3086 1945 3143 ad-

260 3166 559 3238 hibuisset,
584 3167 793 3225 dixerit
821 3166 1123 3243 quispiam,
1149 3166 1195 3221 si
1226 3166 1334 3222 ista
1361 3184 1476 3221 non
1507 3167 1731 3222 essent?
1797 3165 1944 3222 Con·

426 3248 482 3293 11

2033 3270 2114 3328 Ι
