2205 3431
220 107 283 154 10
663 106 762 155 DE
794 107 1097 157 NATURA
1129 107 1452 158 DEORUM.

219 210 469 279 nomine,
500 209 602 267 sed
633 229 840 287 genere
874 217 1002 268 toto
1036 211 1446 287 disiungerent,
1478 210 1537 268 e't
1564 210 1902 287 Peripateti·

219 308 333 359 cOS,
359 291 458 366 qui
485 290 727 347 honesta
754 291 1191 348 commiscerent
1218 310 1349 347 cum
1379 291 1715 362 commodiS,
1742 300 1807 348 ut
1835 312 1902 348 ea

218 369 371 426 inter
403 390 461 427 se
494 370 893 446 magnitudine
936 378 994 427 et
1028 371 1188 447 quasi
1223 370 1511 449 gradibuS,
1542 390 1659 427 non
1694 390 1900 448 genere

219 449 532 507 differrent.
625 450 785 507 Haec
843 450 994 506 enim
1052 457 1141 507 est
1189 470 1305 507 non
1354 451 1658 508 verborum
1707 470 1896 528 parva,

219 529 319 586 sed
341 549 527 587 rerum
552 548 863 605 permagna
883 530 1178 586 dissensio,
1249 530 1338 587 17.
1357 530 1576 587 Verum
1600 530 1709 588 hoc
1731 530 1898 587 alias:

110 644 114 653 ·
154 664 161 671 ,
218 628 371 666 nunc
407 609 564 685 quod
596 609 907 686 coepimuS,
941 609 989 665 si
1022 610 1264 667 videtur.
1350 610 1496 667 Mihi
1529 630 1680 682 vero,
1711 610 1902 688 inquit

218 688 408 759 Cotta,
442 688 682 746 videtur.
767 688 898 759 Sed,
930 696 996 746 ut
1029 689 1141 759 hic,
1173 690 1274 766 qui
1305 690 1786 748 intervenit—me
1820 690 1902 746 in-

218 776 538 826 tuens—ne
571 769 799 844 ignoret
828 788 971 845 quae
1003 788 1093 826 res
1126 776 1345 845 agatur,
1366 770 1437 827 de
1470 778 1674 827 natura
1701 769 1902 847 ageba-

219 868 349 904 mus
383 847 639 917 deorum,
673 867 817 924 quae
859 867 991 906 cum
1034 849 1180 906 mihi
1215 849 1502 906 videretur
1540 850 1899 927 perobscura,

219 934 285 985 ut
313 947 537 1003 semper
564 928 744 985 videri
774 928 934 998 solet,
960 928 1197 1005 Epicuri
1225 948 1294 986 ex
1327 929 1547 987 Velleio
1577 929 1903 987 sciscitabar

220 1008 581 1065 sententiam.
667 1007 853 1076 Quam
895 1008 968 1065 ob
1003 1027 1141 1079 rem,
1172 1009 1378 1085 inquit,
1403 1009 1606 1080 Vellei,
1638 1011 1750 1067 nisi
1781 1029 1902 1066 mo-

219 1088 429 1145 lestum
480 1095 582 1158 est,
618 1095 813 1164 repete
864 1107 1007 1164 quae
1057 1108 1340 1164 coeperas,
1424 1089 1706 1166 Repetam
1747 1109 1899 1160 ver0,

222 1186 567 1244 quamquam
619 1187 737 1224 non
791 1168 955 1237 mihi,
1001 1169 1102 1225 sed
1150 1168 1258 1225 tibi
1307 1169 1401 1226 hic
1449 1170 1608 1227 venit
1655 1170 1899 1227 adiutor.

219 1247 416 1304 Ambo
451 1248 622 1316 enim,
655 1248 847 1324 inquit
881 1248 1165 1319 adridenS,
1197 1248 1269 1305 ab
1304 1249 1506 1306 eodem
1541 1249 1788 1307 Philone
1821 1249 1904 1306 ni-

221 1327 302 1384 hil
354 1328 495 1385 scire
545 1328 844 1385 didicistis,
934 1328 1082 1385 Tum
1135 1347 1279 1405 ego:
1332 1328 1487 1397 Quid
1534 1329 1904 1387 didicerimus

222 1407 399 1465 Cotta
421 1408 641 1476 viderit,
667 1416 730 1464 tu
761 1416 952 1465 autem
984 1409 1119 1466 nolo
1143 1409 1432 1466 existimes
1459 1429 1551 1466 me
1579 1409 1903 1467 adiutorem

222 1487 357 1545 huic
390 1488 627 1557 venisse,
660 1488 760 1545 sed
801 1488 1125 1545 auditorem
1168 1497 1226 1546 et
1268 1489 1503 1565 quidem
1544 1509 1809 1566 aequum,
1840 1490 1903 1546 li-

223 1567 361 1625 bero
404 1568 633 1638 iudicio,
664 1568 821 1625 nulla
854 1569 976 1625 cius
1007 1569 1170 1626 modi
1212 1569 1508 1626 astrictum
1550 1570 1902 1640 necessitate,

224 1656 291 1705 ut
319 1648 478 1720 mihi,
505 1648 674 1706 velim
710 1648 908 1720 nolim,
930 1649 1005 1706 sit
1038 1657 1194 1706 certa
1222 1649 1502 1727 quaedam
1534 1650 1751 1707 tuenda
1784 1669 1906 1707 sen-

223 1730 420 1786 tentia.
510 1761 587 1814 [sa

305 1808 472 1866 VIII.
562 1814 653 1865 18.
697 1808 845 1866 Tum
877 1808 1136 1867 Velleius
1167 1808 1413 1867 fidenter
1444 1829 1594 1878 sane,
1619 1817 1685 1868 ut
1718 1810 1905 1868 solent

224 1889 338 1958 isti,
370 1888 516 1944 nihil
544 1896 664 1945 tam
692 1908 893 1946 verens
922 1909 1094 1966 quam
1128 1909 1200 1947 ne
1229 1890 1490 1947 dubitare
1524 1891 1715 1967 aliqua
1741 1891 1813 1948 de
1846 1910 1906 1948 re

224 1968 529 2038 videretur,
560 1976 856 2046 tamquam
890 1969 1068 2026 modo
1102 1989 1172 2027 ex
1201 1969 1437 2027 deorum
1473 1971 1717 2028 concilio
1746 1978 1804 2028 et
1836 1991 1906 2028 ex

226 2049 461 2125 Epicuri
509 2048 914 2106 intermundiis
955 2049 1372 2106 descendisset:
1428 2049 1665 2121 Audite,
1697 2051 1903 2127 inquit,

224 2149 341 2185 non
365 2128 561 2186 futiles
583 2130 1126 2205 commenticiasque
1148 2130 1473 2197 sententiaS,
1495 2149 1612 2186 non
1642 2131 1907 2208 opificem

226 2209 761 2285 aedificatoremque
796 2209 1014 2277 mundi,
1041 2209 1302 2266 Platonis
1336 2210 1407 2267 de
1441 2209 1678 2268 Timaeo
1714 2211 1905 2282 deum,

226 2309 331 2346 nec
360 2309 533 2346 anum
562 2289 878 2358 fatidicam,
901 2289 1226 2346 Stoicorum
1257 2309 1586 2366 prouocam,
1613 2309 1783 2367 quam
1806 2289 1909 2348 La-

227 2369 347 2426 tine
382 2369 515 2426 licet
541 2369 962 2442 providentiam
999 2369 1205 2440 dicere,
1237 2389 1423 2446 neque
1456 2390 1590 2427 vero
1625 2370 1906 2427 mundum

227 2450 416 2526 ipsum
461 2450 654 2506 animo
697 2457 755 2506 et
788 2449 1048 2507 sensibus
1089 2451 1431 2526 praeditum,
1462 2450 1794 2520 rotundum,
1826 2470 1908 2507 ar-

228 2531 478 2600 dentem,
511 2528 819 2587 volubilem
857 2529 1044 2600 deum,
1076 2537 1346 2606 portenta
1386 2539 1444 2588 et
1478 2529 1749 2587 miracula
1789 2550 1908 2587 non

228 2610 628 2667 disserentium
658 2609 1155 2687 philosophorum,
1178 2611 1278 2667 sed
1306 2611 1732 2667 somniantium.
1813 2616 1904 2668 19.

229 2689 451 2758 Quibus
480 2690 633 2746 enim
665 2689 843 2747 oculis
871 2690 1048 2746 animi
1076 2690 1286 2747 intueri
1315 2691 1507 2766 potuit
1534 2696 1719 2747 vester
1739 2690 1908 2747 Plato

227 2770 506 2826 fabricam
537 2770 692 2826 illam
715 2770 863 2826 tanti
893 2770 1097 2846 operiS,
1126 2790 1237 2846 qua
1264 2771 1518 2828 construi
1546 2790 1577 2828 a
1600 2770 1708 2827 deo
1737 2777 1909 2846 atque

229 2848 513 2906 aedificari
542 2850 822 2906 mundum
853 2850 1031 2907 facit?
1114 2850 1271 2917 Quae
1300 2850 1541 2921 molitio,
1568 2870 1710 2927 quac
1739 2850 1911 2907 ferra-

228 2936 440 2997 menta,
475 2929 573 3005 qui
601 2937 805 2999 vccteS,
839 2949 982 3006 quae
1012 2929 1325 2998 machinae,
1359 2931 1456 3007 qui
1484 2931 1733 2987 ministri
1761 2931 1906 2987 tanti

230 3010 482 3065 muneris
505 3010 774 3066 fuorunt?
855 3011 1038 3077 Quem
1070 3010 1142 3066 ad
1166 3011 1400 3066 modurn
1426 3017 1616 3067 autem
1641 3010 1910 3068 oboedire

231 3096 290 3146 et
331 3107 527 3164 parcre
564 3089 842 3146 voluntati
885 3089 1181 3146 architecti
1224 3097 1338 3159 aer,
1371 3090 1536 3164 igniS,
1568 3110 1730 3168 aqua,
1762 3098 1911 3148 terra

230 3169 583 3247 potuerunt?
663 3168 839 3226 Unde
869 3188 1000 3226 vero
1036 3175 1193 3226 ortae
1227 3169 1354 3227 illae
1390 3170 1640 3246 quinque
1669 3170 1907 3243 formae,
