2205 3431
564 142 703 190 Lm.
730 139 1508 202 1.,CAP.XXXV11.-XL.,§
1534 143 1711 190 81-87.
1890 144 1983 191 177

303 244 353 300 si
380 243 599 313 Graeci,
625 242 674 299 si
704 242 945 312 barbari,
970 242 1018 298 si
1046 241 1292 299 maiores
1320 242 1494 299 etiam
1528 243 1727 313 nostri,
1753 242 1802 299 si
1829 243 1986 301 deni-

303 343 413 400 que
436 323 545 379 hoc
568 341 791 399 semper
812 322 893 378 ita
913 329 1181 397 putatum
1205 329 1306 392 est,
1332 323 1378 378 si
1401 323 1611 379 summi
1633 322 1980 399 philosophi,
2022 324 2027 328 ’

301 405 352 461 si
384 409 609 479 poetae,
641 403 690 459 si
723 401 1127 479 sapientissimi
1156 402 1279 472 viri,
1311 402 1410 478 qui
1444 421 1531 458 res
1564 402 1821 479 publicas
1854 422 1985 460 con·

302 484 629 554 stituerunt,
656 482 756 558 qui
784 481 950 538 urbes
979 481 1394 539 condiderunt?
1476 482 1573 538 An
1601 482 1740 539 dum
1770 482 1983 540 bestiae

300 564 609 640 loquantur
649 569 1058 639 exspectamus,
1087 561 1390 619 hominum
1425 562 1816 620 consentiente
1857 583 1985 620 auc-

301 644 534 700 toritate
577 643 834 699 contenti
875 661 992 698 non
1035 644 1268 698 sumus?
1351 642 1442 699 85.
1489 642 1612 699 Nec
1650 664 1785 701 vero
1835 644 1986 720 quic·

303 743 476 800 quam
509 722 663 779 aliud
692 722 949 778 adfertur
981 741 1081 778 cur
1114 741 1195 789 ea,
1222 741 1365 798 quae
1394 722 1540 793 dico,
1566 721 1863 779 divinandi
1889 742 1984 799 ge-

301 822 437 860 nera
469 802 624 859 nulla
652 802 782 870 sint,
807 801 917 857 nisi
948 800 1106 878 quod
1134 801 1361 859 difficile
1396 802 1555 859 dictu
1584 801 1810 859 videtur
1838 821 1982 878 quae

301 883 574 959 cuiusque
623 882 993 938 divinationis
1040 881 1205 950 ratic,
1243 900 1386 957 quae
1436 901 1604 939 causa
1652 882 1742 939 sit.
1827 882 1984 950 Quid

300 962 454 1019 enim
485 962 658 1019 habet
684 961 965 1037 haruspex
988 965 1094 1018 ‘cur
1122 961 1320 1037 pulmo
1349 962 1560 1018 incisus
1592 962 1767 1019 ctiam
1796 962 1853 1018 in
1884 963 1984 1020 bo-

300 1043 390 1099 nis
424 1042 570 1099 extis
598 1041 830 1099 dirimat
857 1049 1085 1117 tempus
1120 1049 1178 1097 et
1205 1041 1460 1117 proferat
1488 1042 1679 1099 diem?
1722 1042 1861 1118 quid
1889 1062 1983 1099 au·

299 1142 410 1198 gur
442 1142 542 1180 cur
574 1142 608 1179 a
640 1123 840 1179 dextra
872 1140 1088 1191 corvuS,
1122 1140 1156 1177 a
1193 1122 1421 1178 sinistra
1457 1122 1655 1178 cornix
1689 1122 1865 1179 faciat
1901 1142 1983 1179 ra-

300 1204 468 1259 tum?
518 1202 656 1280 quid
698 1200 1018 1276 astrologus
1059 1221 1161 1258 cur
1200 1201 1362 1259 stella
1404 1202 1556 1258 Iovis
1604 1209 1703 1259 aut
1740 1202 1983 1260 Veneris

301 1283 607 1339 coniuncta
655 1301 785 1339 cum
838 1281 998 1337 Luna
1045 1282 1120 1338 ad
1161 1289 1320 1338 ortus
1367 1300 1673 1358 puerorum
1723 1281 1983 1339 salutaris

302 1362 392 1433 sit,
418 1359 650 1419 Saturni
680 1361 947 1418 Martisve
982 1353 1299 1418 contraria?
1341 1381 1440 1418 cur
1468 1369 1657 1418 autem
1688 1362 1828 1418 deus
1857 1362 1984 1419 dor-

300 1443 545 1500 mientes
567 1461 671 1498 nos
700 1449 946 1509 moneat,
966 1441 1267 1517 vigilantes
1294 1441 1593 1518 neglegat?
1651 1440 1805 1509 Quid
1827 1441 1984 1499 dein

301 1522 374 1578 de
402 1542 602 1579 causae
631 1529 716 1579 est
738 1541 838 1578 cur
858 1520 1177 1577 Cassandra
1202 1521 1399 1578 furens
1427 1522 1624 1578 futura
1651 1522 1979 1602 prospiciat,

302 1602 566 1659 Priamus
606 1602 831 1678 sapiens
868 1601 979 1657 hoc
1019 1602 1172 1659 idem
1215 1602 1402 1658 facere
1443 1621 1558 1658 non
1597 1596 1803 1678 queat?
1887 1607 1979 1659 86.

300 1682 419 1740 Cur
446 1681 546 1741 fiat
575 1682 829 1760 quidque
858 1682 1116 1758 quaeris2
1185 1681 1362 1739 Recte
1392 1682 1644 1738 omninO.
1718 1680 1833 1739 Sed
1866 1701 1983 1739 non

301 1782 454 1821 nunc
488 1762 550 1819 id
582 1763 787 1839 agitur.
873 1761 1000 1819 Fiat
1034 1782 1211 1819 necne
1245 1761 1361 1832 fiat,
1392 1763 1454 1819 id
1489 1762 1790 1839 quaeritur.
1875 1762 1980 1832 Ut,

301 1842 351 1899 si
398 1851 725 1919 magnetem
774 1841 1021 1918 lapidem
1072 1862 1193 1899 esse
1247 1842 1452 1913 dicam,
1497 1843 1597 1919 qui
1644 1843 1858 1899 ferrum
1909 1842 1984 1899 ad

302 1942 361 1980 se
402 1923 634 1980 adliciat
667 1929 726 1980 et
767 1922 1029 1993 attrahat,
1061 1922 1342 1980 rat-ionem
1386 1942 1486 1979 cur
1525 1922 1585 1979 id
1624 1922 1722 1979 fiat
1761 1922 1984 1980 adferre

284 2022 597 2080 nequeam,
629 2001 751 2060 fieri
792 2002 1029 2059 omnino
1070 2021 1260 2078 neges,
1346 2002 1516 2070 Quod
1551 2003 1701 2060 idem
1742 2003 1886 2060 facis
1923 2002 1982 2059 in

301 2083 670 2154 divinatione,
693 2102 861 2160 quam
899 2088 958 2139 et
985 2082 1271 2140 cernimus
1303 2083 1413 2159 ipsi
1443 2090 1502 2140 et
1528 2082 1793 2139 audimus
1827 2091 1884 2139 et
1912 2082 1986 2140 le·

300 2165 492 2240 gimus
520 2170 578 2221 et
606 2183 639 2220 a
666 2162 924 2239 patribus
957 2163 1308 2240 accepimus:
1353 2182 1538 2239 neque
1571 2170 1703 2220 ante
1737 2162 1986 2239 philoso-

301 2244 496 2320 phiam
526 2244 891 2320 patefactam,
915 2262 1059 2319 quae
1088 2262 1270 2319 nuper
1298 2243 1531 2299 inventa
1558 2249 1658 2313 est,
1684 2241 1791 2299 hac
1820 2242 1892 2299 de
1925 2262 1984 2299 re

300 2324 625 2380 communis
645 2323 764 2380 vita
785 2322 1086 2391 dubitavit,
1109 2330 1182 2393 et,
1203 2330 1405 2399 postea
1426 2342 1597 2399 quam
1619 2321 1987 2399 philosophia

301 2404 593 2480 processit,
614 2422 785 2460 nemo
808 2402 970 2460 aliter
986 2402 1367 2480 philosophus
1385 2402 1578 2473 sensit,
1597 2403 1654 2459 in
1675 2421 1790 2477 quo
1807 2402 1985 2459 modo

301 2491 448 2541 esset
471 2483 793 2541 auctoritas,
854 2483 945 2540 87.
977 2483 1118 2540 Dixi
1141 2484 1211 2540 de
1235 2483 1582 2559 Pythagora,
1601 2483 1672 2539 de
1693 2481 1988 2538 Democri-

300 2570 381 2633 to,
407 2563 478 2621 de
517 2563 765 2634 Socrate,
798 2563 995 2640 excepi
1030 2563 1101 2620 de
1139 2563 1389 2640 antiquis
1423 2569 1647 2639 praeter
1679 2562 1991 2639 Xenopha-

300 2663 435 2701 nem
468 2643 775 2713 neminem,
800 2643 1034 2699 adiunxi
1063 2650 1312 2700 veterem
1345 2643 1733 2711 Academiam,
1759 2641 1987 2718 Peripa-

300 2724 522 2787 teticos,
544 2723 786 2781 Stoicos,
836 2722 1006 2780 Unus
1034 2723 1300 2780 dissentit
1323 2723 1618 2800 Epicurus,
1677 2721 1832 2789 Quid
1854 2742 1986 2778 vero

300 2803 410 2861 hoc
433 2804 657 2880 turpius
680 2823 846 2880 quam
874 2803 1029 2880 quod
1051 2803 1203 2859 idem
1228 2803 1443 2861 nullam
1466 2809 1658 2860 censet
1679 2802 1987 2878 gratuitam

302 2902 422 2940 esse
452 2884 759 2940 virtutem?

382 2962 506 3020 XL.
552 2962 695 3030 Quis
723 2969 809 3020 est
838 2968 1027 3019 autem
1061 2982 1231 3039 quem
1262 2982 1377 3019 non
1407 2968 1636 3019 moveat
1664 2961 1989 3019 clarissimis

301 3043 693 3100 monumentis
719 3050 928 3100 testata
956 3044 1404 3119 consignataque
1433 3042 1782 3118 antiquitas?
1863 3041 1991 3098 Cal-

303 3122 569 3180 chantem
604 3142 877 3199 augurem
921 3123 1117 3180 scribit
1164 3124 1453 3180 Homerus
1494 3122 1664 3197 longe
1700 3121 1989 3197 optimum

303 3222 549 3279 eumque
594 3202 798 3260 ducem
841 3202 1104 3260 classium
1150 3203 1328 3259 fuisse
1371 3203 1443 3258 ad
1487 3201 1675 3269 ilium,
1712 3200 1987 3276 auspicio-

2023 3288 2116 3348 Ι
