2205 3431
244 140 275 185 8
684 137 783 185 DE
818 137 1120 187 NATURA
1151 138 1471 189 DEORUM.

243 245 519 296 sertatum
560 239 998 316 relictarumque
1038 259 1225 298 rerum
1263 241 1646 317 patrocinium
1680 243 1924 320 suscepi-

190 374 193 385 ,
242 338 387 376 mus,
446 318 503 376 N
507 338 581 376 on
604 320 756 377 enim
780 320 1082 377 hominum
1100 320 1335 378 interitu
1359 322 1671 379 sententiae
1695 341 1923 400 quoque

196 410 201 417 “
241 418 365 456 00οι
409 406 529 471 unt,
561 400 661 457 sed
701 400 887 457 lucem
929 400 1178 457 auctoris
1208 401 1450 458 fortasse
1484 400 1825 474 desiderant,
1856 411 1923 460 ut

240 477 380 536 hacc
420 480 481 536 in
522 479 890 557 philosophia
935 480 1083 537 ratio
1127 488 1326 537 contra
1369 481 1565 538 omnia
1607 481 1922 540 disserendi

239 559 570 636 nullamque
603 579 723 617 rem
758 566 951 637 aperte
984 546 1278 617 iudicandi
1310 562 1574 637 profecta
1606 581 1640 618 a
1667 561 1918 633 Socrate,

238 639 484 715 repetita
510 639 582 696 ab
600 639 870 710 Arcesila,
896 639 1232 697 confirmata
1259 660 1293 697 a
1320 640 1611 699 Carneade
1639 660 1818 719 usque
1846 643 1922 699 ad

238 725 494 776 nostram
536 720 723 796 viguit
764 727 1043 777 aetatem:
1089 739 1262 796 quam
1303 739 1455 777 nunc
1497 722 1919 798 propemodum

239 798 436 855 orbam
467 818 586 856 esse
609 800 667 855 in
691 800 815 876 ipsa
834 799 1072 857 Graecia
1088 799 1378 875 intellego,
1439 799 1612 869 Quod
1634 820 1751 858 non
1773 802 1921 859 Aca-

237 877 459 936 demiae
488 879 647 950 vitio,
673 880 774 937 sed
806 879 1075 937 tarditate
1110 879 1413 937 hominum
1455 880 1701 938 arbitror
1739 882 1920 939 conti-

235 958 401 1033 gisse.
465 958 616 1016 Nam
639 960 687 1016 si
710 959 960 1035 singulas
982 959 1311 1037 disciplinas
1330 961 1621 1037 percipere
1642 980 1918 1038 magnum

236 1044 338 1105 cst,
366 1045 579 1114 quanto
602 1040 786 1096 maius
808 1040 1043 1097 omnes?
1077 1039 1236 1117 quod
1255 1040 1441 1097 facere
1462 1041 1534 1097 iis
1561 1060 1788 1099 necesse
1810 1049 1914 1113 est,

236 1117 444 1193 quibus
463 1120 826 1196 propositum
848 1126 935 1177 est
956 1119 1073 1177 vcri
1100 1120 1421 1195 reperiendi
1444 1138 1613 1178 causa
1634 1128 1693 1177 et
1719 1129 1918 1179 contra

236 1216 434 1255 omnes
455 1198 832 1276 philosophos
854 1208 912 1257 et
932 1219 1037 1275 pro
1061 1199 1331 1256 omnibus
1352 1200 1553 1259 dicere.
1615 1206 1705 1259 12.
1737 1201 1917 1258 Cuius

232 1278 316 1334 rei
357 1284 549 1336 tantae
590 1285 824 1356 tamque
872 1278 1120 1337 difficilis
1162 1279 1498 1338 facultatem
1543 1289 1914 1339 consecutum

233 1377 353 1415 esse
394 1377 488 1416 me
529 1377 646 1416 non
687 1359 975 1436 profiteor,
997 1366 1255 1417 secutum
1299 1380 1418 1418 esse
1458 1380 1593 1437 prae
1634 1380 1728 1419 me
1768 1362 1911 1420 fero,

232 1436 355 1495 Nec
382 1444 575 1496 tamen
616 1438 737 1496 fieri
778 1447 972 1516 potest
1004 1446 1086 1511 ut,
1114 1440 1213 1516 qui
1253 1439 1360 1497 hac
1400 1441 1621 1498 ratione
1662 1441 1916 1517 philoso-

232 1518 496 1594 phentur,
522 1519 565 1576 ii
596 1519 742 1576 nihil
773 1520 1022 1578 habeant
1064 1520 1223 1597 quod
1265 1528 1587 1597 sequantur.
1672 1522 1913 1579 Dictum

229 1605 318 1655 est
351 1599 587 1657 omnino
620 1599 728 1658 hac
756 1600 828 1658 de
860 1620 921 1658 re
954 1600 1065 1657 alio
1099 1600 1229 1657 loco
1262 1600 1612 1676 diligentiuS,
1637 1602 1754 1672 sed,
1779 1603 1914 1678 quia

139 1674 150 1742 ,1¹
228 1678 402 1736 nimis
424 1679 700 1738 indociles
728 1680 962 1758 quidam
989 1679 1255 1758 tardique
1284 1688 1435 1752 sunt,
1462 1680 1812 1740 admonendi
1835 1683 1913 1740 vi-

229 1759 438 1817 dentur
478 1761 719 1837 saepius,
808 1761 945 1818 Non
987 1760 1143 1817 enim
1185 1780 1382 1818 sumus
1423 1762 1481 1832 ii,
1515 1762 1723 1838 quibus
1763 1762 1910 1819 nihil

230 1859 428 1897 verum
470 1860 592 1898 esse
620 1841 896 1912 videatur,
928 1840 1027 1898 sed
1060 1840 1120 1911 ii,
1146 1841 1245 1917 qui
1287 1841 1556 1899 omnibus
1587 1842 1736 1899 veris
1766 1842 1912 1900 falsa

228 1919 509 1995 quaedam
550 1919 821 1978 adiuncta
860 1940 979 1979 esse
1013 1920 1288 1991 dicamuS,
1318 1927 1481 1978 tanta
1513 1922 1908 1994 similitudine,

227 2007 294 2056 ut
337 2000 398 2057 in
436 2000 508 2056 iis
550 2000 708 2058 nulla
743 2001 882 2058 insit
919 2007 1073 2058 certa
1115 2001 1410 2058 iudicandi
1451 2008 1510 2059 et
1550 2002 1910 2061 adsentiendi

226 2085 379 2137 nota.
465 2079 554 2137 Ex
589 2100 704 2157 quo
746 2081 966 2139 exstitit
999 2081 1161 2150 illud,
1184 2081 1369 2138 multa
1409 2101 1529 2140 esse
1570 2082 1906 2159 probabilia,

227 2177 371 2229 quae
401 2178 747 2237 quamquam
788 2180 906 2219 non
946 2161 1389 2238 perciperentur,
1421 2168 1631 2233 tamen,
1665 2164 1800 2239 quia
1832 2164 1910 2220 vi-

227 2260 352 2296 sum
389 2240 673 2317 quendam
708 2239 982 2300 haberent
1006 2242 1290 2317 insignem
1321 2248 1380 2298 et
1407 2241 1703 2314 illustrem,
1730 2243 1799 2300 iis
1827 2263 1910 2300 sa-

224 2319 437 2395 pientis
464 2320 583 2377 vita
608 2327 911 2397 regeretur.

305 2399 409 2457 VI.
499 2405 589 2457 13.
636 2400 751 2457 Sed
785 2401 915 2472 iam,
941 2407 1006 2458 ut
1051 2401 1213 2458 omni
1256 2420 1349 2459 me
1393 2401 1612 2459 invidia
1651 2402 1904 2473 liberem,

222 2496 436 2554 ponam
459 2480 519 2536 in
548 2480 741 2538 medio
772 2481 1082 2539 sententias
1110 2481 1587 2559 philosophorum
1611 2483 1683 2539 de
1704 2491 1908 2540 natura

222 2558 477 2617 deorum.
563 2559 694 2629 Quo
745 2561 976 2637 quidem
1020 2561 1148 2619 loco
1192 2562 1546 2619 convocandi
1588 2582 1787 2620 omnes
1830 2563 1907 2620 vi-

222 2637 431 2697 dentur
460 2640 559 2716 qui
594 2660 737 2718 quae
772 2641 847 2698 sit
879 2660 1073 2698 earum
1108 2661 1240 2699 vcra
1271 2641 1542 2699 iudicent.
1627 2641 1777 2698 Tum
1813 2642 1908 2700 de·

220 2737 382 2775 mum
424 2720 570 2777 mihi
612 2740 821 2797 procax
854 2720 1174 2779 Academia
1208 2721 1512 2793 videbitur,
1544 2721 1592 2778 si
1633 2729 1735 2778 aut
1775 2742 1907 2779 con·

222 2799 501 2856 senserint
542 2820 742 2858 omnes
782 2808 882 2858 aut
922 2801 1032 2859 erit
1072 2802 1342 2859 inventus
1382 2801 1588 2878 aliquis
1629 2802 1730 2878 qui
1764 2803 1906 2879 quid

222 2897 415 2935 verum
461 2879 537 2936 sit
578 2880 874 2939 invenerit.
960 2881 1164 2959 Itaque
1205 2881 1352 2939 mihi
1389 2881 1531 2939 libet
1571 2882 1901 2955 exclamare,

220 2965 288 3015 ut
315 2959 375 3015 in
404 2958 764 3036 Synephebis
788 2979 800 3017 :

283 3136 422 3184 Proh
445 3136 611 3196 deum,
630 3137 941 3201 popularium
963 3137 1206 3198 omnium,
1231 3138 1457 3188 omnium
1480 3138 1871 3191 adulescentium

286 3201 478 3264 ClamO,
496 3204 708 3266 postu10,
729 3204 950 3265 obsecro,
971 3220 1077 3265 oro,
1095 3204 1236 3267 ploro
1258 3214 1411 3270 atque
1433 3206 1642 3269 imploro
1664 3207 1833 3269 fidem,
