<?xml version="1.0" encoding="UTF-8"?>
<!DOCTYPE html PUBLIC "-//W3C//DTD XHTML 1.0 Transitional//EN"
    "http://www.w3.org/TR/xhtml1/DTD/xhtml1-transitional.dtd">
<html xmlns="http://www.w3.org/1999/xhtml" xml:lang="en" lang="en">
 <head>
  <title>
</title>
<meta http-equiv="Content-Type" content="text/html;charset=utf-8" />
  <meta name='ocr-system' content='tesseract 3.04.00' />
  <meta name='ocr-capabilities' content='ocr_page ocr_carea ocr_par ocr_line ocrx_word'/>
</head>
<body>
  <div class='ocr_page' id='page_1' title='image "./defato00cicegoog_0232.png"; bbox 0 0 2205 3431; ppageno 0'>
   <div class='ocr_carea' id='block_1_1' title="bbox 258 90 1418 144">
    <p class='ocr_par' dir='ltr' id='par_1_1' title="bbox 258 90 1418 144">
     <span class='ocr_line' id='line_1_1' title="bbox 258 90 1418 144; baseline -0.003 0"><span class='ocrx_word' id='word_1_1' title='bbox 258 98 355 144; x_wconf 82' lang='lat'>222</span> <span class='ocrx_word' id='word_1_2' title='bbox 460 115 475 129; x_wconf 90' lang='lat'><strong>·</strong></span> <span class='ocrx_word' id='word_1_3' title='bbox 783 93 884 142; x_wconf 87' lang='lat' dir='ltr'>DE</span> <span class='ocrx_word' id='word_1_4' title='bbox 917 90 1418 142; x_wconf 80' lang='lat' dir='ltr'>DIVINATIONE.</span> 
     </span>
    </p>
   </div>
   <div class='ocr_carea' id='block_1_2' title="bbox 254 193 1951 3218">
    <p class='ocr_par' dir='ltr' id='par_1_2' title="bbox 254 193 1951 3218">
     <span class='ocr_line' id='line_1_2' title="bbox 256 193 1945 270; baseline 0.001 -18"><span class='ocrx_word' id='word_1_5' title='bbox 256 197 330 265; x_wconf 87' lang='lat'>10,</span> <span class='ocrx_word' id='word_1_6' title='bbox 357 194 656 251; x_wconf 88' lang='lat' dir='ltr'>simulacra</span> <span class='ocrx_word' id='word_1_7' title='bbox 688 203 822 251; x_wconf 88' lang='lat' dir='ltr'>sunt</span> <span class='ocrx_word' id='word_1_8' title='bbox 849 194 1253 270; x_wconf 78' lang='lat' dir='ltr'>auspiciorum,</span> <span class='ocrx_word' id='word_1_9' title='bbox 1277 193 1533 269; x_wconf 89' lang='lat' dir='ltr'>auspicia</span> <span class='ocrx_word' id='word_1_10' title='bbox 1558 193 1718 250; x_wconf 90' lang='lat' dir='ltr'>nullo</span> <span class='ocrx_word' id='word_1_11' title='bbox 1747 196 1945 254; x_wconf 82' lang='lat' dir='ltr'>modo,</span> 
     </span>
     <span class='ocr_line' id='line_1_3' title="bbox 256 273 1946 343; baseline 0 -12"><span class='ocrx_word' id='word_1_12' title='bbox 256 274 545 331; x_wconf 86' lang='lat' dir='ltr'>XXXIV.</span> <span class='ocrx_word' id='word_1_13' title='bbox 572 274 607 302; x_wconf 81' lang='lat'>‘⁶</span> <span class='ocrx_word' id='word_1_14' title='bbox 624 273 692 341; x_wconf 63' lang='lat' dir='ltr'>Q„</span> <span class='ocrx_word' id='word_1_15' title='bbox 711 274 756 330; x_wconf 89' lang='lat' dir='ltr'>F</span> <span class='ocrx_word' id='word_1_16' title='bbox 758 293 875 343; x_wconf 70' lang='lat' dir='ltr'>Am,</span> <span class='ocrx_word' id='word_1_17' title='bbox 892 293 963 329; x_wconf 69' lang='lat' dir='ltr'>‘m</span> <span class='ocrx_word' id='word_1_18' title='bbox 989 293 1129 329; x_wconf 75' lang='lat' dir='ltr'>mm</span> <span class='ocrx_word' id='word_1_19' title='bbox 1151 292 1217 328; x_wconf 76' lang='lat' dir='ltr'>m</span> <span class='ocrx_word' id='word_1_20' title='bbox 1239 291 1523 329; x_wconf 73' lang='lat' dir='ltr'>Ansmclo</span> <span class='ocrx_word' id='word_1_21' title='bbox 1547 291 1693 329; x_wconf 64' lang='lat' dir='ltr'>Essa</span> <span class='ocrx_word' id='word_1_22' title='bbox 1713 292 1875 331; x_wconf 62' lang='lat' dir='ltr'>voro</span> <span class='ocrx_word' id='word_1_23' title='bbox 1893 275 1946 331; x_wconf 87' lang='lat'>:&#39;&#39;</span> 
     </span>
     <span class='ocr_line' id='line_1_4' title="bbox 256 352 1950 432; baseline -0.001 -20"><span class='ocrx_word' id='word_1_24' title='bbox 256 354 567 432; x_wconf 80' lang='lat' dir='ltr'>respondet</span> <span class='ocrx_word' id='word_1_25' title='bbox 596 353 630 380; x_wconf 82' lang='lat'>‘⁴</span> <span class='ocrx_word' id='word_1_26' title='bbox 648 353 936 410; x_wconf 59' lang='lat' dir='ltr'>Acmvff’</span> <span class='ocrx_word' id='word_1_27' title='bbox 1004 353 1121 408; x_wconf 88' lang='lat' dir='ltr'>Hic</span> <span class='ocrx_word' id='word_1_28' title='bbox 1150 352 1307 427; x_wconf 81' lang='lat' dir='ltr'>apud.</span> <span class='ocrx_word' id='word_1_29' title='bbox 1333 353 1578 409; x_wconf 90' lang='lat' dir='ltr'>maiores</span> <span class='ocrx_word' id='word_1_30' title='bbox 1599 360 1830 409; x_wconf 92' lang='lat' dir='ltr'>nostros</span> <span class='ocrx_word' id='word_1_31' title='bbox 1851 355 1950 410; x_wconf 87' lang='lat' dir='ltr'>ad·</span> 
     </span>
     <span class='ocr_line' id='line_1_5' title="bbox 255 431 1947 509; baseline -0.001 -17"><span class='ocrx_word' id='word_1_32' title='bbox 255 435 560 492; x_wconf 80' lang='lat' dir='ltr'>hibebatur</span> <span class='ocrx_word' id='word_1_33' title='bbox 606 433 841 509; x_wconf 79' lang='lat' dir='ltr'>perituS,</span> <span class='ocrx_word' id='word_1_34' title='bbox 878 452 1030 489; x_wconf 90' lang='lat' dir='ltr'>nunc</span> <span class='ocrx_word' id='word_1_35' title='bbox 1089 432 1345 508; x_wconf 82' lang='lat' dir='ltr'>quilibet.</span> <span class='ocrx_word' id='word_1_36' title='bbox 1431 431 1694 489; x_wconf 80' lang='lat' dir='ltr'>Peritum</span> <span class='ocrx_word' id='word_1_37' title='bbox 1749 442 1947 490; x_wconf 89' lang='lat' dir='ltr'>autem</span> 
     </span>
     <span class='ocr_line' id='line_1_6' title="bbox 256 511 1951 589; baseline -0.001 -18"><span class='ocrx_word' id='word_1_38' title='bbox 256 533 377 571; x_wconf 91' lang='lat' dir='ltr'>csse</span> <span class='ocrx_word' id='word_1_39' title='bbox 418 532 645 571; x_wconf 89' lang='lat' dir='ltr'>necesse</span> <span class='ocrx_word' id='word_1_40' title='bbox 679 520 766 569; x_wconf 90' lang='lat' dir='ltr'>est</span> <span class='ocrx_word' id='word_1_41' title='bbox 799 531 948 581; x_wconf 90' lang='lat' dir='ltr'>eum,</span> <span class='ocrx_word' id='word_1_42' title='bbox 981 512 1081 589; x_wconf 92' lang='lat' dir='ltr'>qui</span> <span class='ocrx_word' id='word_1_43' title='bbox 1115 511 1408 568; x_wconf 90' lang='lat' dir='ltr'>silentium</span> <span class='ocrx_word' id='word_1_44' title='bbox 1443 512 1584 588; x_wconf 90' lang='lat' dir='ltr'>quid</span> <span class='ocrx_word' id='word_1_45' title='bbox 1619 513 1696 568; x_wconf 91' lang='lat' dir='ltr'>sit</span> <span class='ocrx_word' id='word_1_46' title='bbox 1726 512 1951 569; x_wconf 89' lang='lat' dir='ltr'>intelle-</span> 
     </span>
     <span class='ocr_line' id='line_1_7' title="bbox 255 591 1950 670; baseline -0.001 -20"><span class='ocrx_word' id='word_1_47' title='bbox 255 601 387 670; x_wconf 86' lang='lat' dir='ltr'>gat:</span> <span class='ocrx_word' id='word_1_48' title='bbox 434 594 495 649; x_wconf 92' lang='lat' dir='ltr'>id</span> <span class='ocrx_word' id='word_1_49' title='bbox 538 594 692 649; x_wconf 90' lang='lat' dir='ltr'>enim</span> <span class='ocrx_word' id='word_1_50' title='bbox 736 592 1027 649; x_wconf 89' lang='lat' dir='ltr'>silentium</span> <span class='ocrx_word' id='word_1_51' title='bbox 1070 591 1318 648; x_wconf 83' lang='lat' dir='ltr'>dicimus</span> <span class='ocrx_word' id='word_1_52' title='bbox 1359 592 1420 647; x_wconf 92' lang='lat' dir='ltr'>in</span> <span class='ocrx_word' id='word_1_53' title='bbox 1463 591 1748 667; x_wconf 79' lang='lat' dir='ltr'>auspiciiS,</span> <span class='ocrx_word' id='word_1_54' title='bbox 1787 593 1950 668; x_wconf 91' lang='lat' dir='ltr'>quod</span> 
     </span>
     <span class='ocr_line' id='line_1_8' title="bbox 256 670 1951 746; baseline -0.001 -15"><span class='ocrx_word' id='word_1_55' title='bbox 256 674 417 731; x_wconf 90' lang='lat' dir='ltr'>omni</span> <span class='ocrx_word' id='word_1_56' title='bbox 460 673 600 730; x_wconf 89' lang='lat' dir='ltr'>vitio</span> <span class='ocrx_word' id='word_1_57' title='bbox 642 680 810 729; x_wconf 87' lang='lat' dir='ltr'>caret.</span> <span class='ocrx_word' id='word_1_58' title='bbox 898 670 990 728; x_wconf 78' lang='lat'>72.</span> <span class='ocrx_word' id='word_1_59' title='bbox 1042 670 1176 727; x_wconf 92' lang='lat' dir='ltr'>Hoc</span> <span class='ocrx_word' id='word_1_60' title='bbox 1210 671 1539 746; x_wconf 85' lang='lat' dir='ltr'>intellegere</span> <span class='ocrx_word' id='word_1_61' title='bbox 1572 671 1818 746; x_wconf 83' lang='lat' dir='ltr'>perfecti</span> <span class='ocrx_word' id='word_1_62' title='bbox 1851 692 1951 729; x_wconf 86' lang='lat' dir='ltr'>au-</span> 
     </span>
     <span class='ocr_line' id='line_1_9' title="bbox 255 751 1946 828; baseline -0.001 -19"><span class='ocrx_word' id='word_1_63' title='bbox 255 754 412 828; x_wconf 84' lang='lat' dir='ltr'>guris</span> <span class='ocrx_word' id='word_1_64' title='bbox 454 760 554 809; x_wconf 78' lang='lat' dir='ltr'>est,</span> <span class='ocrx_word' id='word_1_65' title='bbox 641 752 734 808; x_wconf 91' lang='lat' dir='ltr'>Illi</span> <span class='ocrx_word' id='word_1_66' title='bbox 776 758 986 821; x_wconf 88' lang='lat' dir='ltr'>autem,</span> <span class='ocrx_word' id='word_1_67' title='bbox 1019 751 1119 826; x_wconf 89' lang='lat' dir='ltr'>qui</span> <span class='ocrx_word' id='word_1_68' title='bbox 1153 752 1215 806; x_wconf 87' lang='lat' dir='ltr'>in</span> <span class='ocrx_word' id='word_1_69' title='bbox 1257 752 1577 826; x_wconf 82' lang='lat' dir='ltr'>auspicium</span> <span class='ocrx_word' id='word_1_70' title='bbox 1618 751 1946 822; x_wconf 86' lang='lat' dir='ltr'>adhibetur,</span> 
     </span>
     <span class='ocr_line' id='line_1_10' title="bbox 256 830 1950 907; baseline -0.001 -18"><span class='ocrx_word' id='word_1_71' title='bbox 256 852 387 889; x_wconf 91' lang='lat' dir='ltr'>cum</span> <span class='ocrx_word' id='word_1_72' title='bbox 415 832 497 888; x_wconf 89' lang='lat' dir='ltr'>ita</span> <span class='ocrx_word' id='word_1_73' title='bbox 524 832 825 906; x_wconf 87' lang='lat' dir='ltr'>imperavit</span> <span class='ocrx_word' id='word_1_74' title='bbox 847 833 911 902; x_wconf 85' lang='lat' dir='ltr'>is,</span> <span class='ocrx_word' id='word_1_75' title='bbox 935 831 1036 907; x_wconf 89' lang='lat' dir='ltr'>qui</span> <span class='ocrx_word' id='word_1_76' title='bbox 1063 831 1422 906; x_wconf 83' lang='lat' dir='ltr'>auspicatur:</span> <span class='ocrx_word' id='word_1_77' title='bbox 1470 830 1759 899; x_wconf 80' lang='lat' dir='ltr'>“D1c1ro‚</span> <span class='ocrx_word' id='word_1_78' title='bbox 1783 850 1838 887; x_wconf 84' lang='lat' dir='ltr'>SI</span> <span class='ocrx_word' id='word_1_79' title='bbox 1869 851 1950 888; x_wconf 81' lang='lat' dir='ltr'>SI-</span> 
     </span>
     <span class='ocr_line' id='line_1_11' title="bbox 256 910 1950 986; baseline -0.001 -18"><span class='ocrx_word' id='word_1_80' title='bbox 256 931 523 968; x_wconf 76' lang='lat' dir='ltr'>LENTIUM</span> <span class='ocrx_word' id='word_1_81' title='bbox 558 930 702 967; x_wconf 73' lang='lat' dir='ltr'>Essn</span> <span class='ocrx_word' id='word_1_82' title='bbox 738 910 1122 980; x_wconf 76' lang='lat' dir='ltr'>VIDEBITUR‚’&#39;</span> <span class='ocrx_word' id='word_1_83' title='bbox 1153 930 1259 968; x_wconf 92' lang='lat' dir='ltr'>nec</span> <span class='ocrx_word' id='word_1_84' title='bbox 1294 910 1534 986; x_wconf 85' lang='lat' dir='ltr'>suspicit</span> <span class='ocrx_word' id='word_1_85' title='bbox 1566 930 1673 967; x_wconf 88' lang='lat' dir='ltr'>nec</span> <span class='ocrx_word' id='word_1_86' title='bbox 1706 911 1950 967; x_wconf 90' lang='lat' dir='ltr'>circum-</span> 
     </span>
     <span class='ocr_line' id='line_1_12' title="bbox 257 990 1944 1067; baseline 0.001 -20"><span class='ocrx_word' id='word_1_87' title='bbox 257 992 459 1067; x_wconf 85' lang='lat' dir='ltr'>spicit:</span> <span class='ocrx_word' id='word_1_88' title='bbox 504 992 697 1048; x_wconf 84' lang='lat' dir='ltr'>statim</span> <span class='ocrx_word' id='word_1_89' title='bbox 726 990 1036 1067; x_wconf 85' lang='lat' dir='ltr'>respondet</span> <span class='ocrx_word' id='word_1_90' title='bbox 1066 990 1100 1017; x_wconf 89' lang='lat'><strong>“</strong></span> <span class='ocrx_word' id='word_1_91' title='bbox 1122 990 1458 1047; x_wconf 68' lang='lat' dir='ltr'>Sunurmm</span> <span class='ocrx_word' id='word_1_92' title='bbox 1494 1009 1639 1047; x_wconf 66' lang='lat' dir='ltr'>Essa</span> <span class='ocrx_word' id='word_1_93' title='bbox 1671 991 1944 1048; x_wconf 56' lang='lat' dir='ltr'>vmnmff’</span> 
     </span>
     <span class='ocr_line' id='line_1_13' title="bbox 255 1070 1949 1141; baseline 0 -14"><span class='ocrx_word' id='word_1_94' title='bbox 255 1071 402 1127; x_wconf 85' lang='lat' dir='ltr'>Tum</span> <span class='ocrx_word' id='word_1_95' title='bbox 447 1070 575 1128; x_wconf 85' lang='lat' dir='ltr'>ille:</span> <span class='ocrx_word' id='word_1_96' title='bbox 623 1070 913 1141; x_wconf 72' lang='lat' dir='ltr'>“D101‘ro,</span> <span class='ocrx_word' id='word_1_97' title='bbox 940 1090 994 1126; x_wconf 83' lang='lat' dir='ltr'>SI</span> <span class='ocrx_word' id='word_1_98' title='bbox 1038 1070 1446 1128; x_wconf 65' lang='lat' dir='ltr'>PASCUNTUR„</span> <span class='ocrx_word' id='word_1_99' title='bbox 1472 1114 1485 1126; x_wconf 93' lang='lat'><strong>.</strong></span> <span class='ocrx_word' id='word_1_100' title='bbox 1519 1115 1531 1126; x_wconf 95' lang='lat'><strong>.</strong></span> <span class='ocrx_word' id='word_1_101' title='bbox 1566 1114 1579 1127; x_wconf 89' lang='lat'><strong>.</strong></span> <span class='ocrx_word' id='word_1_102' title='bbox 1615 1070 1648 1097; x_wconf 89' lang='lat'><strong>“</strong></span> <span class='ocrx_word' id='word_1_103' title='bbox 1669 1070 1949 1129; x_wconf 53' lang='lat' dir='ltr'>Pseonn-</span> 
     </span>
     <span class='ocr_line' id='line_1_14' title="bbox 256 1149 1946 1225; baseline 0.001 -19"><span class='ocrx_word' id='word_1_104' title='bbox 256 1150 422 1208; x_wconf 72' lang='lat' dir='ltr'>russ’&#39;</span> <span class='ocrx_word' id='word_1_105' title='bbox 447 1195 459 1207; x_wconf 91' lang='lat'><strong>.</strong></span> <span class='ocrx_word' id='word_1_106' title='bbox 486 1194 500 1207; x_wconf 92' lang='lat'><em>.</em></span> <span class='ocrx_word' id='word_1_107' title='bbox 526 1194 539 1207; x_wconf 89' lang='lat'><strong>.</strong></span> <span class='ocrx_word' id='word_1_108' title='bbox 565 1149 723 1218; x_wconf 79' lang='lat' dir='ltr'>Quae</span> <span class='ocrx_word' id='word_1_109' title='bbox 779 1152 946 1207; x_wconf 66' lang='lat' dir='ltr'>aves?</span> <span class='ocrx_word' id='word_1_110' title='bbox 1004 1158 1106 1207; x_wconf 89' lang='lat' dir='ltr'>aut</span> <span class='ocrx_word' id='word_1_111' title='bbox 1150 1150 1286 1207; x_wconf 64' lang='lat' dir='ltr'>ubi?</span> <span class='ocrx_word' id='word_1_112' title='bbox 1367 1149 1605 1220; x_wconf 87' lang='lat' dir='ltr'>Attulit,</span> <span class='ocrx_word' id='word_1_113' title='bbox 1640 1149 1851 1225; x_wconf 81' lang='lat' dir='ltr'>inquit,</span> <span class='ocrx_word' id='word_1_114' title='bbox 1881 1152 1946 1207; x_wconf 91' lang='lat' dir='ltr'>in</span> 
     </span>
     <span class='ocr_line' id='line_1_15' title="bbox 256 1229 1943 1307; baseline 0.001 -20"><span class='ocrx_word' id='word_1_115' title='bbox 256 1250 424 1287; x_wconf 89' lang='lat' dir='ltr'>cavea</span> <span class='ocrx_word' id='word_1_116' title='bbox 460 1229 647 1307; x_wconf 90' lang='lat' dir='ltr'>pullos</span> <span class='ocrx_word' id='word_1_117' title='bbox 683 1231 748 1301; x_wconf 85' lang='lat' dir='ltr'>is,</span> <span class='ocrx_word' id='word_1_118' title='bbox 775 1231 873 1306; x_wconf 92' lang='lat' dir='ltr'>qui</span> <span class='ocrx_word' id='word_1_119' title='bbox 907 1249 982 1286; x_wconf 83' lang='lat' dir='ltr'>cx</span> <span class='ocrx_word' id='word_1_120' title='bbox 1014 1249 1083 1286; x_wconf 92' lang='lat' dir='ltr'>co</span> <span class='ocrx_word' id='word_1_121' title='bbox 1117 1231 1245 1305; x_wconf 90' lang='lat' dir='ltr'>ipso</span> <span class='ocrx_word' id='word_1_122' title='bbox 1280 1230 1612 1286; x_wconf 90' lang='lat' dir='ltr'>nominatur</span> <span class='ocrx_word' id='word_1_123' title='bbox 1648 1229 1943 1305; x_wconf 78' lang='lat' dir='ltr'>pullarius,</span> 
     </span>
     <span class='ocr_line' id='line_1_16' title="bbox 256 1309 1948 1386; baseline -0.001 -19"><span class='ocrx_word' id='word_1_124' title='bbox 256 1310 383 1368; x_wconf 90' lang='lat' dir='ltr'>Hae</span> <span class='ocrx_word' id='word_1_125' title='bbox 412 1318 545 1367; x_wconf 90' lang='lat' dir='ltr'>sunt</span> <span class='ocrx_word' id='word_1_126' title='bbox 572 1310 750 1386; x_wconf 86' lang='lat' dir='ltr'>igitur</span> <span class='ocrx_word' id='word_1_127' title='bbox 778 1329 908 1366; x_wconf 88' lang='lat' dir='ltr'>aves</span> <span class='ocrx_word' id='word_1_128' title='bbox 931 1310 1315 1367; x_wconf 85' lang='lat' dir='ltr'>internuntiae</span> <span class='ocrx_word' id='word_1_129' title='bbox 1346 1309 1516 1379; x_wconf 80' lang='lat' dir='ltr'>IoviS‚</span> <span class='ocrx_word' id='word_1_130' title='bbox 1544 1328 1689 1386; x_wconf 87' lang='lat' dir='ltr'>quae</span> <span class='ocrx_word' id='word_1_131' title='bbox 1711 1329 1948 1385; x_wconf 89' lang='lat' dir='ltr'>pascan-</span> 
     </span>
     <span class='ocr_line' id='line_1_17' title="bbox 254 1389 1943 1467; baseline 0 -20"><span class='ocrx_word' id='word_1_132' title='bbox 254 1399 349 1447; x_wconf 91' lang='lat' dir='ltr'>tur</span> <span class='ocrx_word' id='word_1_133' title='bbox 378 1409 554 1448; x_wconf 90' lang='lat' dir='ltr'>necne</span> <span class='ocrx_word' id='word_1_134' title='bbox 586 1390 726 1467; x_wconf 87' lang='lat' dir='ltr'>quid</span> <span class='ocrx_word' id='word_1_135' title='bbox 752 1390 963 1447; x_wconf 63' lang='lat' dir='ltr'>refert?</span> <span class='ocrx_word' id='word_1_136' title='bbox 1045 1389 1208 1446; x_wconf 90' lang='lat' dir='ltr'>Nihil</span> <span class='ocrx_word' id='word_1_137' title='bbox 1238 1389 1311 1446; x_wconf 88' lang='lat' dir='ltr'>ad</span> <span class='ocrx_word' id='word_1_138' title='bbox 1332 1389 1619 1466; x_wconf 86' lang='lat' dir='ltr'>auspicia:</span> <span class='ocrx_word' id='word_1_139' title='bbox 1665 1389 1767 1446; x_wconf 90' lang='lat' dir='ltr'>sed</span> <span class='ocrx_word' id='word_1_140' title='bbox 1790 1391 1943 1466; x_wconf 86' lang='lat' dir='ltr'>quia,</span> 
     </span>
     <span class='ocr_line' id='line_1_18' title="bbox 255 1468 1947 1547; baseline 0.001 -20"><span class='ocrx_word' id='word_1_141' title='bbox 255 1489 387 1527; x_wconf 92' lang='lat' dir='ltr'>cum</span> <span class='ocrx_word' id='word_1_142' title='bbox 420 1478 746 1547; x_wconf 88' lang='lat' dir='ltr'>pascuntur,</span> <span class='ocrx_word' id='word_1_143' title='bbox 777 1488 1005 1526; x_wconf 89' lang='lat' dir='ltr'>necesse</span> <span class='ocrx_word' id='word_1_144' title='bbox 1039 1475 1127 1526; x_wconf 92' lang='lat' dir='ltr'>est</span> <span class='ocrx_word' id='word_1_145' title='bbox 1159 1468 1378 1545; x_wconf 87' lang='lat' dir='ltr'>aliquid</span> <span class='ocrx_word' id='word_1_146' title='bbox 1412 1489 1482 1526; x_wconf 84' lang='lat' dir='ltr'>ex</span> <span class='ocrx_word' id='word_1_147' title='bbox 1517 1488 1614 1527; x_wconf 87' lang='lat' dir='ltr'>ore</span> <span class='ocrx_word' id='word_1_148' title='bbox 1650 1469 1852 1526; x_wconf 85' lang='lat' dir='ltr'>cadere</span> <span class='ocrx_word' id='word_1_149' title='bbox 1886 1478 1947 1529; x_wconf 94' lang='lat' dir='ltr'>et</span> 
     </span>
     <span class='ocr_line' id='line_1_19' title="bbox 254 1549 1946 1626; baseline 0 -20"><span class='ocrx_word' id='word_1_150' title='bbox 254 1557 463 1606; x_wconf 89' lang='lat' dir='ltr'>terram</span> <span class='ocrx_word' id='word_1_151' title='bbox 504 1550 714 1626; x_wconf 91' lang='lat' dir='ltr'>pavire,</span> <span class='ocrx_word' id='word_1_152' title='bbox 745 1549 1116 1625; x_wconf 88' lang='lat' dir='ltr'>terripavium</span> <span class='ocrx_word' id='word_1_153' title='bbox 1154 1550 1360 1625; x_wconf 91' lang='lat' dir='ltr'>prim0,</span> <span class='ocrx_word' id='word_1_154' title='bbox 1391 1556 1526 1624; x_wconf 91' lang='lat' dir='ltr'>post</span> <span class='ocrx_word' id='word_1_155' title='bbox 1559 1549 1946 1626; x_wconf 86' lang='lat' dir='ltr'>terripudium</span> 
     </span>
     <span class='ocr_line' id='line_1_20' title="bbox 255 1629 1940 1705; baseline 0.001 -19"><span class='ocrx_word' id='word_1_156' title='bbox 255 1629 475 1687; x_wconf 89' lang='lat' dir='ltr'>dictum</span> <span class='ocrx_word' id='word_1_157' title='bbox 530 1636 648 1687; x_wconf 87' lang='lat' dir='ltr'>est:</span> <span class='ocrx_word' id='word_1_158' title='bbox 711 1629 822 1686; x_wconf 89' lang='lat' dir='ltr'>hoc</span> <span class='ocrx_word' id='word_1_159' title='bbox 873 1629 1107 1705; x_wconf 88' lang='lat' dir='ltr'>quidem</span> <span class='ocrx_word' id='word_1_160' title='bbox 1162 1630 1279 1685; x_wconf 87' lang='lat' dir='ltr'>iam</span> <span class='ocrx_word' id='word_1_161' title='bbox 1332 1629 1655 1705; x_wconf 90' lang='lat' dir='ltr'>tripudium</span> <span class='ocrx_word' id='word_1_162' title='bbox 1712 1629 1940 1687; x_wconf 85' lang='lat' dir='ltr'>dicitur.</span> 
     </span>
     <span class='ocr_line' id='line_1_21' title="bbox 256 1708 1946 1787; baseline 0 -20"><span class='ocrx_word' id='word_1_163' title='bbox 256 1709 404 1767; x_wconf 86' lang='lat' dir='ltr'>Cum</span> <span class='ocrx_word' id='word_1_164' title='bbox 437 1710 615 1787; x_wconf 84' lang='lat' dir='ltr'>igitur</span> <span class='ocrx_word' id='word_1_165' title='bbox 648 1710 765 1768; x_wconf 83' lang='lat' dir='ltr'>offa</span> <span class='ocrx_word' id='word_1_166' title='bbox 797 1709 1004 1767; x_wconf 91' lang='lat' dir='ltr'>cecidit</span> <span class='ocrx_word' id='word_1_167' title='bbox 1038 1729 1109 1766; x_wconf 83' lang='lat' dir='ltr'>ex</span> <span class='ocrx_word' id='word_1_168' title='bbox 1143 1729 1240 1766; x_wconf 92' lang='lat' dir='ltr'>ore</span> <span class='ocrx_word' id='word_1_169' title='bbox 1273 1708 1434 1786; x_wconf 92' lang='lat' dir='ltr'>pulli,</span> <span class='ocrx_word' id='word_1_170' title='bbox 1458 1717 1584 1766; x_wconf 90' lang='lat' dir='ltr'>tum</span> <span class='ocrx_word' id='word_1_171' title='bbox 1620 1710 1946 1787; x_wconf 90' lang='lat' dir='ltr'>auspicanti</span> 
     </span>
     <span class='ocr_line' id='line_1_22' title="bbox 254 1789 1944 1866; baseline 0 -19"><span class='ocrx_word' id='word_1_172' title='bbox 254 1791 572 1866; x_wconf 89' lang='lat' dir='ltr'>tripudium</span> <span class='ocrx_word' id='word_1_173' title='bbox 597 1790 939 1847; x_wconf 90' lang='lat' dir='ltr'>solistimum</span> <span class='ocrx_word' id='word_1_174' title='bbox 959 1790 1271 1847; x_wconf 86' lang='lat' dir='ltr'>nuntiatur.</span> <span class='ocrx_word' id='word_1_175' title='bbox 1339 1789 1598 1847; x_wconf 90' lang='lat' dir='ltr'>XXXV.</span> <span class='ocrx_word' id='word_1_176' title='bbox 1661 1790 1752 1847; x_wconf 83' lang='lat'>73.</span> <span class='ocrx_word' id='word_1_177' title='bbox 1784 1790 1944 1865; x_wconf 86' lang='lat' dir='ltr'>Ergo</span> 
     </span>
     <span class='ocr_line' id='line_1_23' title="bbox 254 1867 1945 1947; baseline 0.001 -21"><span class='ocrx_word' id='word_1_178' title='bbox 254 1870 365 1926; x_wconf 91' lang='lat' dir='ltr'>hoc</span> <span class='ocrx_word' id='word_1_179' title='bbox 398 1870 713 1947; x_wconf 88' lang='lat' dir='ltr'>auspicium</span> <span class='ocrx_word' id='word_1_180' title='bbox 748 1870 930 1927; x_wconf 89' lang='lat' dir='ltr'>divini</span> <span class='ocrx_word' id='word_1_181' title='bbox 965 1870 1272 1946; x_wconf 89' lang='lat' dir='ltr'>quicquam</span> <span class='ocrx_word' id='word_1_182' title='bbox 1297 1867 1513 1926; x_wconf 86' lang='lat' dir='ltr'>habere</span> <span class='ocrx_word' id='word_1_183' title='bbox 1551 1876 1745 1946; x_wconf 87' lang='lat' dir='ltr'>potest</span> <span class='ocrx_word' id='word_1_184' title='bbox 1784 1870 1945 1945; x_wconf 93' lang='lat' dir='ltr'>quod</span> 
     </span>
     <span class='ocr_line' id='line_1_24' title="bbox 255 1949 1944 2025; baseline -0.001 -18"><span class='ocrx_word' id='word_1_185' title='bbox 255 1958 373 2007; x_wconf 86' lang='lat' dir='ltr'>tam</span> <span class='ocrx_word' id='word_1_186' title='bbox 409 1950 483 2006; x_wconf 92' lang='lat' dir='ltr'>sit</span> <span class='ocrx_word' id='word_1_187' title='bbox 516 1956 773 2006; x_wconf 88' lang='lat' dir='ltr'>coactum</span> <span class='ocrx_word' id='word_1_188' title='bbox 806 1957 864 2005; x_wconf 91' lang='lat' dir='ltr'>et</span> <span class='ocrx_word' id='word_1_189' title='bbox 898 1950 1265 2025; x_wconf 66' lang='lat' dir='ltr'>expressum?</span> <span class='ocrx_word' id='word_1_190' title='bbox 1346 1949 1475 2017; x_wconf 80' lang='lat' dir='ltr'>Quo</span> <span class='ocrx_word' id='word_1_191' title='bbox 1509 1949 1944 2025; x_wconf 90' lang='lat' dir='ltr'>antiquissimos</span> 
     </span>
     <span class='ocr_line' id='line_1_25' title="bbox 255 2029 1944 2105; baseline -0.001 -19"><span class='ocrx_word' id='word_1_192' title='bbox 255 2048 495 2104; x_wconf 83' lang='lat' dir='ltr'>augures</span> <span class='ocrx_word' id='word_1_193' title='bbox 516 2048 633 2085; x_wconf 92' lang='lat' dir='ltr'>non</span> <span class='ocrx_word' id='word_1_194' title='bbox 664 2048 784 2086; x_wconf 90' lang='lat' dir='ltr'>esse</span> <span class='ocrx_word' id='word_1_195' title='bbox 811 2049 944 2085; x_wconf 89' lang='lat' dir='ltr'>usos</span> <span class='ocrx_word' id='word_1_196' title='bbox 972 2036 1312 2105; x_wconf 84' lang='lat' dir='ltr'>argumento</span> <span class='ocrx_word' id='word_1_197' title='bbox 1342 2036 1444 2099; x_wconf 90' lang='lat' dir='ltr'>est,</span> <span class='ocrx_word' id='word_1_198' title='bbox 1467 2029 1623 2105; x_wconf 92' lang='lat' dir='ltr'>quod</span> <span class='ocrx_word' id='word_1_199' title='bbox 1646 2029 1944 2086; x_wconf 87' lang='lat' dir='ltr'>decretum</span> 
     </span>
     <span class='ocr_line' id='line_1_26' title="bbox 256 2107 1945 2185; baseline 0 -19"><span class='ocrx_word' id='word_1_200' title='bbox 256 2107 481 2185; x_wconf 85' lang='lat' dir='ltr'>collegii</span> <span class='ocrx_word' id='word_1_201' title='bbox 515 2115 676 2166; x_wconf 87' lang='lat' dir='ltr'>vetus</span> <span class='ocrx_word' id='word_1_202' title='bbox 708 2108 986 2166; x_wconf 88' lang='lat' dir='ltr'>habemus</span> <span class='ocrx_word' id='word_1_203' title='bbox 1029 2127 1260 2165; x_wconf 92' lang='lat' dir='ltr'>omnem</span> <span class='ocrx_word' id='word_1_204' title='bbox 1304 2128 1462 2165; x_wconf 88' lang='lat' dir='ltr'>avem</span> <span class='ocrx_word' id='word_1_205' title='bbox 1504 2108 1824 2185; x_wconf 90' lang='lat' dir='ltr'>tripudium</span> <span class='ocrx_word' id='word_1_206' title='bbox 1858 2110 1945 2166; x_wconf 87' lang='lat' dir='ltr'>fa-</span> 
     </span>
     <span class='ocr_line' id='line_1_27' title="bbox 255 2188 1946 2264; baseline -0.001 -18"><span class='ocrx_word' id='word_1_207' title='bbox 255 2208 379 2246; x_wconf 90' lang='lat' dir='ltr'>cere</span> <span class='ocrx_word' id='word_1_208' title='bbox 407 2208 588 2264; x_wconf 91' lang='lat' dir='ltr'>posse.</span> <span class='ocrx_word' id='word_1_209' title='bbox 665 2189 815 2246; x_wconf 88' lang='lat' dir='ltr'>Tum</span> <span class='ocrx_word' id='word_1_210' title='bbox 844 2189 1020 2264; x_wconf 84' lang='lat' dir='ltr'>igitur</span> <span class='ocrx_word' id='word_1_211' title='bbox 1047 2195 1196 2245; x_wconf 91' lang='lat' dir='ltr'>esset</span> <span class='ocrx_word' id='word_1_212' title='bbox 1216 2189 1552 2264; x_wconf 90' lang='lat' dir='ltr'>auspicium,</span> <span class='ocrx_word' id='word_1_213' title='bbox 1578 2189 1626 2244; x_wconf 90' lang='lat' dir='ltr'>si</span> <span class='ocrx_word' id='word_1_214' title='bbox 1653 2188 1831 2245; x_wconf 89' lang='lat' dir='ltr'>modo</span> <span class='ocrx_word' id='word_1_215' title='bbox 1861 2208 1946 2245; x_wconf 91' lang='lat' dir='ltr'>es-</span> 
     </span>
     <span class='ocr_line' id='line_1_28' title="bbox 256 2268 1946 2345; baseline 0 -20"><span class='ocrx_word' id='word_1_216' title='bbox 256 2276 343 2326; x_wconf 89' lang='lat' dir='ltr'>set</span> <span class='ocrx_word' id='word_1_217' title='bbox 375 2270 427 2326; x_wconf 92' lang='lat' dir='ltr'>ei</span> <span class='ocrx_word' id='word_1_218' title='bbox 458 2269 696 2326; x_wconf 89' lang='lat' dir='ltr'>liberum</span> <span class='ocrx_word' id='word_1_219' title='bbox 727 2289 785 2326; x_wconf 91' lang='lat' dir='ltr'>se</span> <span class='ocrx_word' id='word_1_220' title='bbox 820 2268 1152 2338; x_wconf 88' lang='lat' dir='ltr'>ostendisse,</span> <span class='ocrx_word' id='word_1_221' title='bbox 1177 2275 1303 2325; x_wconf 89' lang='lat' dir='ltr'>tum</span> <span class='ocrx_word' id='word_1_222' title='bbox 1332 2268 1451 2324; x_wconf 86' lang='lat' dir='ltr'>avis</span> <span class='ocrx_word' id='word_1_223' title='bbox 1479 2268 1577 2325; x_wconf 89' lang='lat' dir='ltr'>illa</span> <span class='ocrx_word' id='word_1_224' title='bbox 1603 2268 1784 2325; x_wconf 88' lang='lat' dir='ltr'>videri</span> <span class='ocrx_word' id='word_1_225' title='bbox 1812 2288 1946 2345; x_wconf 89' lang='lat' dir='ltr'>pos-</span> 
     </span>
     <span class='ocr_line' id='line_1_29' title="bbox 256 2347 1941 2426; baseline 0 -21"><span class='ocrx_word' id='word_1_226' title='bbox 256 2356 342 2406; x_wconf 92' lang='lat' dir='ltr'>set</span> <span class='ocrx_word' id='word_1_227' title='bbox 369 2349 646 2426; x_wconf 87' lang='lat' dir='ltr'>interpres</span> <span class='ocrx_word' id='word_1_228' title='bbox 680 2357 738 2406; x_wconf 93' lang='lat' dir='ltr'>et</span> <span class='ocrx_word' id='word_1_229' title='bbox 767 2349 988 2405; x_wconf 87' lang='lat' dir='ltr'>satelles</span> <span class='ocrx_word' id='word_1_230' title='bbox 1017 2348 1186 2404; x_wconf 81' lang='lat' dir='ltr'>IoviS.</span> <span class='ocrx_word' id='word_1_231' title='bbox 1273 2347 1442 2404; x_wconf 91' lang='lat' dir='ltr'>Nunc</span> <span class='ocrx_word' id='word_1_232' title='bbox 1470 2367 1604 2405; x_wconf 89' lang='lat' dir='ltr'>vero</span> <span class='ocrx_word' id='word_1_233' title='bbox 1633 2347 1852 2404; x_wconf 88' lang='lat' dir='ltr'>inclusa</span> <span class='ocrx_word' id='word_1_234' title='bbox 1879 2349 1941 2405; x_wconf 89' lang='lat' dir='ltr'>iu</span> 
     </span>
     <span class='ocr_line' id='line_1_30' title="bbox 257 2428 1943 2519; baseline -0.001 -33"><span class='ocrx_word' id='word_1_235' title='bbox 257 2448 427 2486; x_wconf 86' lang='lat' dir='ltr'>cavea</span> <span class='ocrx_word' id='word_1_236' title='bbox 459 2436 518 2485; x_wconf 90' lang='lat' dir='ltr'>et</span> <span class='ocrx_word' id='word_1_237' title='bbox 550 2428 705 2485; x_wconf 86' lang='lat' dir='ltr'>fame</span> <span class='ocrx_word' id='word_1_238' title='bbox 739 2435 937 2485; x_wconf 90' lang='lat' dir='ltr'>enecta</span> <span class='ocrx_word' id='word_1_239' title='bbox 970 2428 1017 2485; x_wconf 90' lang='lat' dir='ltr'>si</span> <span class='ocrx_word' id='word_1_240' title='bbox 1046 2428 1107 2484; x_wconf 90' lang='lat' dir='ltr'>in</span> <span class='ocrx_word' id='word_1_241' title='bbox 1143 2428 1318 2484; x_wconf 84' lang='lat' dir='ltr'>offam</span> <span class='ocrx_word' id='word_1_242' title='bbox 1348 2428 1526 2519; x_wconf 87' lang='lat' dir='ltr'>pultis</span> <span class='ocrx_word' id='word_1_243' title='bbox 1553 2428 1776 2484; x_wconf 90' lang='lat' dir='ltr'>invadit</span> <span class='ocrx_word' id='word_1_244' title='bbox 1803 2436 1864 2485; x_wconf 88' lang='lat' dir='ltr'>et</span> <span class='ocrx_word' id='word_1_245' title='bbox 1892 2429 1943 2485; x_wconf 88' lang='lat' dir='ltr'>si</span> 
     </span>
     <span class='ocr_line' id='line_1_31' title="bbox 255 2507 1943 2586; baseline 0.001 -22"><span class='ocrx_word' id='word_1_246' title='bbox 255 2509 473 2586; x_wconf 90' lang='lat' dir='ltr'>aliquid</span> <span class='ocrx_word' id='word_1_247' title='bbox 494 2528 563 2565; x_wconf 86' lang='lat' dir='ltr'>ex</span> <span class='ocrx_word' id='word_1_248' title='bbox 585 2528 681 2565; x_wconf 91' lang='lat' dir='ltr'>ore</span> <span class='ocrx_word' id='word_1_249' title='bbox 703 2509 925 2578; x_wconf 90' lang='lat' dir='ltr'>cecidit,</span> <span class='ocrx_word' id='word_1_250' title='bbox 945 2507 1057 2564; x_wconf 90' lang='lat' dir='ltr'>hoc</span> <span class='ocrx_word' id='word_1_251' title='bbox 1078 2514 1145 2564; x_wconf 90' lang='lat' dir='ltr'>tu</span> <span class='ocrx_word' id='word_1_252' title='bbox 1166 2507 1483 2583; x_wconf 88' lang='lat' dir='ltr'>auspicium</span> <span class='ocrx_word' id='word_1_253' title='bbox 1507 2515 1608 2564; x_wconf 92' lang='lat' dir='ltr'>aut</span> <span class='ocrx_word' id='word_1_254' title='bbox 1627 2507 1738 2564; x_wconf 93' lang='lat' dir='ltr'>hoc</span> <span class='ocrx_word' id='word_1_255' title='bbox 1758 2507 1943 2565; x_wconf 92' lang='lat' dir='ltr'>modo</span> 
     </span>
     <span class='ocr_line' id='line_1_32' title="bbox 255 2586 1947 2665; baseline -0.001 -19"><span class='ocrx_word' id='word_1_256' title='bbox 255 2589 567 2646; x_wconf 88' lang='lat' dir='ltr'>Romulum</span> <span class='ocrx_word' id='word_1_257' title='bbox 590 2588 868 2665; x_wconf 89' lang='lat' dir='ltr'>auspicari</span> <span class='ocrx_word' id='word_1_258' title='bbox 897 2587 1130 2644; x_wconf 89' lang='lat' dir='ltr'>solitum</span> <span class='ocrx_word' id='word_1_259' title='bbox 1152 2589 1358 2663; x_wconf 61' lang='lat' dir='ltr'>putas?</span> <span class='ocrx_word' id='word_1_260' title='bbox 1443 2589 1534 2644; x_wconf 88' lang='lat'>74.</span> <span class='ocrx_word' id='word_1_261' title='bbox 1573 2586 1696 2643; x_wconf 88' lang='lat' dir='ltr'>Iam</span> <span class='ocrx_word' id='word_1_262' title='bbox 1719 2587 1790 2644; x_wconf 91' lang='lat' dir='ltr'>de</span> <span class='ocrx_word' id='word_1_263' title='bbox 1820 2606 1947 2645; x_wconf 90' lang='lat' dir='ltr'>cae-</span> 
     </span>
     <span class='ocr_line' id='line_1_33' title="bbox 254 2665 1947 2744; baseline -0.002 -18"><span class='ocrx_word' id='word_1_264' title='bbox 254 2669 312 2726; x_wconf 96' lang='lat' dir='ltr'>lo</span> <span class='ocrx_word' id='word_1_265' title='bbox 346 2688 564 2726; x_wconf 87' lang='lat' dir='ltr'>servare</span> <span class='ocrx_word' id='word_1_266' title='bbox 607 2688 722 2725; x_wconf 91' lang='lat' dir='ltr'>non</span> <span class='ocrx_word' id='word_1_267' title='bbox 757 2669 913 2743; x_wconf 91' lang='lat' dir='ltr'>ipsos</span> <span class='ocrx_word' id='word_1_268' title='bbox 955 2686 1149 2724; x_wconf 90' lang='lat' dir='ltr'>censes</span> <span class='ocrx_word' id='word_1_269' title='bbox 1191 2667 1407 2737; x_wconf 81' lang='lat' dir='ltr'>solitOS‚</span> <span class='ocrx_word' id='word_1_270' title='bbox 1441 2668 1539 2744; x_wconf 90' lang='lat' dir='ltr'>qui</span> <span class='ocrx_word' id='word_1_271' title='bbox 1574 2665 1947 2742; x_wconf 88' lang='lat' dir='ltr'>auspicaban-</span> 
     </span>
     <span class='ocr_line' id='line_1_34' title="bbox 254 2746 1946 2838; baseline -0.002 -32"><span class='ocrx_word' id='word_1_272' title='bbox 254 2751 384 2806; x_wconf 62' lang='lat' dir='ltr'>tur?</span> <span class='ocrx_word' id='word_1_273' title='bbox 466 2748 634 2805; x_wconf 91' lang='lat' dir='ltr'>Nunc</span> <span class='ocrx_word' id='word_1_274' title='bbox 661 2749 960 2838; x_wconf 83' lang='lat' dir='ltr'>imperant</span> <span class='ocrx_word' id='word_1_275' title='bbox 974 2746 1251 2837; x_wconf 84' lang='lat' dir='ltr'>pullario:</span> <span class='ocrx_word' id='word_1_276' title='bbox 1295 2747 1388 2803; x_wconf 90' lang='lat' dir='ltr'>ille</span> <span class='ocrx_word' id='word_1_277' title='bbox 1423 2746 1726 2803; x_wconf 88' lang='lat' dir='ltr'>renuntiat.</span> <span class='ocrx_word' id='word_1_278' title='bbox 1813 2746 1946 2802; x_wconf 91' lang='lat' dir='ltr'>Ful-</span> 
     </span>
     <span class='ocr_line' id='line_1_35' title="bbox 254 2825 1945 2903; baseline -0.002 -18"><span class='ocrx_word' id='word_1_279' title='bbox 254 2847 386 2885; x_wconf 92' lang='lat' dir='ltr'>men</span> <span class='ocrx_word' id='word_1_280' title='bbox 423 2829 714 2884; x_wconf 89' lang='lat' dir='ltr'>sinistrum</span> <span class='ocrx_word' id='word_1_281' title='bbox 750 2827 1066 2903; x_wconf 90' lang='lat' dir='ltr'>auspicium</span> <span class='ocrx_word' id='word_1_282' title='bbox 1097 2827 1384 2901; x_wconf 90' lang='lat' dir='ltr'>optimum</span> <span class='ocrx_word' id='word_1_283' title='bbox 1413 2825 1689 2883; x_wconf 87' lang='lat' dir='ltr'>habemus</span> <span class='ocrx_word' id='word_1_284' title='bbox 1717 2825 1792 2882; x_wconf 87' lang='lat' dir='ltr'>ad</span> <span class='ocrx_word' id='word_1_285' title='bbox 1821 2845 1945 2882; x_wconf 84' lang='lat' dir='ltr'>om-</span> 
     </span>
     <span class='ocr_line' id='line_1_36' title="bbox 254 2905 1946 2982; baseline -0.001 -20"><span class='ocrx_word' id='word_1_286' title='bbox 254 2926 356 2963; x_wconf 90' lang='lat' dir='ltr'>nes</span> <span class='ocrx_word' id='word_1_287' title='bbox 384 2926 471 2962; x_wconf 90' lang='lat' dir='ltr'>res</span> <span class='ocrx_word' id='word_1_288' title='bbox 500 2914 896 2982; x_wconf 89' lang='lat' dir='ltr'>praeterquam</span> <span class='ocrx_word' id='word_1_289' title='bbox 925 2906 998 2962; x_wconf 90' lang='lat' dir='ltr'>ad</span> <span class='ocrx_word' id='word_1_290' title='bbox 1027 2906 1293 2963; x_wconf 89' lang='lat' dir='ltr'>comitia:</span> <span class='ocrx_word' id='word_1_291' title='bbox 1339 2907 1495 2982; x_wconf 92' lang='lat' dir='ltr'>quod</span> <span class='ocrx_word' id='word_1_292' title='bbox 1525 2906 1756 2982; x_wconf 89' lang='lat' dir='ltr'>quidem</span> <span class='ocrx_word' id='word_1_293' title='bbox 1779 2905 1946 2962; x_wconf 89' lang='lat' dir='ltr'>insti·</span> 
     </span>
     <span class='ocr_line' id='line_1_37' title="bbox 255 2984 1944 3059; baseline 0.001 -18"><span class='ocrx_word' id='word_1_294' title='bbox 255 2992 447 3041; x_wconf 90' lang='lat' dir='ltr'>tutum</span> <span class='ocrx_word' id='word_1_295' title='bbox 491 2985 570 3040; x_wconf 88' lang='lat' dir='ltr'>rei</span> <span class='ocrx_word' id='word_1_296' title='bbox 605 2984 864 3059; x_wconf 88' lang='lat' dir='ltr'>publicae</span> <span class='ocrx_word' id='word_1_297' title='bbox 906 3004 1073 3041; x_wconf 88' lang='lat' dir='ltr'>causa</span> <span class='ocrx_word' id='word_1_298' title='bbox 1115 2992 1215 3055; x_wconf 87' lang='lat' dir='ltr'>est,</span> <span class='ocrx_word' id='word_1_299' title='bbox 1247 2992 1313 3042; x_wconf 90' lang='lat' dir='ltr'>ut</span> <span class='ocrx_word' id='word_1_300' title='bbox 1346 2986 1712 3042; x_wconf 89' lang='lat' dir='ltr'>comitiorum</span> <span class='ocrx_word' id='word_1_301' title='bbox 1754 2984 1843 3041; x_wconf 89' lang='lat' dir='ltr'>vel</span> <span class='ocrx_word' id='word_1_302' title='bbox 1878 2986 1944 3042; x_wconf 90' lang='lat' dir='ltr'>in</span> 
     </span>
     <span class='ocr_line' id='line_1_38' title="bbox 255 3062 1946 3140; baseline 0.001 -21"><span class='ocrx_word' id='word_1_303' title='bbox 255 3063 483 3119; x_wconf 88' lang='lat' dir='ltr'>iudiciis</span> <span class='ocrx_word' id='word_1_304' title='bbox 512 3062 711 3137; x_wconf 90' lang='lat' dir='ltr'>populi</span> <span class='ocrx_word' id='word_1_305' title='bbox 745 3063 832 3119; x_wconf 89' lang='lat' dir='ltr'>vel</span> <span class='ocrx_word' id='word_1_306' title='bbox 863 3064 922 3119; x_wconf 90' lang='lat' dir='ltr'>in</span> <span class='ocrx_word' id='word_1_307' title='bbox 951 3065 1072 3119; x_wconf 87' lang='lat' dir='ltr'>iure</span> <span class='ocrx_word' id='word_1_308' title='bbox 1099 3063 1293 3140; x_wconf 85' lang='lat' dir='ltr'>legum</span> <span class='ocrx_word' id='word_1_309' title='bbox 1328 3064 1415 3121; x_wconf 88' lang='lat' dir='ltr'>vel</span> <span class='ocrx_word' id='word_1_310' title='bbox 1443 3066 1515 3121; x_wconf 91' lang='lat' dir='ltr'>in.</span> <span class='ocrx_word' id='word_1_311' title='bbox 1533 3064 1789 3121; x_wconf 88' lang='lat' dir='ltr'>creandis</span> <span class='ocrx_word' id='word_1_312' title='bbox 1823 3084 1946 3122; x_wconf 83' lang='lat' dir='ltr'>ma·</span> 
     </span>
     <span class='ocr_line' id='line_1_39' title="bbox 257 3140 1946 3218; baseline 0.003 -21"><span class='ocrx_word' id='word_1_313' title='bbox 257 3140 589 3216; x_wconf 85' lang='lat' dir='ltr'>gistratibus</span> <span class='ocrx_word' id='word_1_314' title='bbox 617 3141 901 3215; x_wconf 88' lang='lat' dir='ltr'>principes</span> <span class='ocrx_word' id='word_1_315' title='bbox 929 3143 1177 3199; x_wconf 87' lang='lat' dir='ltr'>civitatis</span> <span class='ocrx_word' id='word_1_316' title='bbox 1204 3150 1393 3201; x_wconf 91' lang='lat' dir='ltr'>essent</span> <span class='ocrx_word' id='word_1_317' title='bbox 1420 3144 1772 3218; x_wconf 76' lang='lat' dir='ltr'>interpretes·</span> <span class='ocrx_word' id='word_1_318' title='bbox 1855 3144 1946 3202; x_wconf 90' lang='lat' dir='ltr'>At</span> 
     </span>
    </p>
   </div>
  </div>
 </body>
</html>
