2205 3431
263 123 356 171 184
778 120 879 171 DE
913 119 1416 169 DIVINATIONE.

260 225 321 280 in
368 223 496 299 ipso
538 220 788 278 Romulo
830 219 969 277 haec
1017 220 1299 277 calliditas
1349 238 1470 276 esse
1501 218 1722 296 potuit,
1759 223 1825 274 ut
1874 218 1950 275 ad

260 321 507 360 errorem
548 300 939 358 multitudinis
981 300 1276 376 religionis
1316 299 1614 355 simulacra
1645 297 1945 374 fingerent.

260 382 376 440 Sed
403 380 706 439 difficultas
741 379 1013 456 laborque
1048 379 1306 437 discendi
1342 379 1611 436 disertam
1647 377 1950 454 neglegen-

260 464 400 519 tiam
435 460 701 519 reddidit.
789 460 1013 517 Malunt
1046 460 1201 517 enim
1237 459 1510 516 disserere
1552 456 1694 514 nihil
1731 477 1852 514 esse
1887 457 1948 513 in

260 542 527 619 auspiciis
558 560 729 617 quam
760 539 901 617 quid
930 541 1004 597 sit
1034 540 1298 597 ediscere.
1380 544 1511 595 106.
1550 537 1705 605 Quid
1733 545 1820 594 est
1848 536 1949 593 illo

260 622 513 713 auspicio
543 620 822 690 diviniuS,
831 620 988 696 quod
1010 620 1166 696 apud
1188 626 1245 676 te
1269 620 1327 676 in
1358 618 1542 675 Mario
1571 618 1694 676 est?
1736 624 1801 675 ut
1822 624 1950 673 utar

260 702 627 779 potissimum
655 707 713 757 te
743 708 1006 757 auctore:

455 858 557 906 Hic
582 857 715 905 Iovis
737 855 934 904 altisoni
959 856 1122 904 subito
1145 867 1362 918 pennata
1384 854 1579 903 satelles

455 922 663 970 Arboris
686 937 715 970 e
738 931 913 970 trunco
937 922 1175 983 serpentis
1200 922 1369 971 saucia
1390 935 1557 968 morsu

456 987 678 1048 Subrigit
700 988 808 1049 ipsa
829 986 944 1035 feris
968 987 1263 1046 transfigens
1289 986 1535 1046 unguibus
1559 999 1774 1044 anguem

455 1053 810 1100 Semianimum
835 1060 884 1100 et
902 1052 1038 1099 varia
1061 1051 1278 1112 graviter
1300 1051 1490 1100 cervice
1513 1050 1798 1097 micantem.

455 1119 616 1177 Quem
643 1133 695 1165 se
716 1119 1079 1179 intorquentem
1108 1117 1299 1164 lanians
1325 1126 1580 1177 rostroque
1600 1123 1878 1175 cruentans,

457 1185 566 1230 lam
591 1183 772 1230 satiata.
793 1183 1000 1242 animos,
1022 1183 1122 1230 iam
1148 1183 1298 1230 duros
1322 1181 1427 1229 ulta
1449 1181 1657 1240 doloreS,

457 1249 626 1297 Abicit
649 1248 897 1296 efflantem
921 1257 970 1296 et
993 1247 1266 1295 laceratum
1289 1247 1478 1304 adfligit
1503 1247 1550 1293 in
1578 1245 1729 1306 unda,

456 1315 520 1361 Se
541 1328 619 1376 lue
642 1314 780 1361 obitu
801 1328 833 1361 a
856 1313 971 1360 solis
995 1313 1179 1360 nitidos
1204 1314 1447 1360 convertit
1471 1311 1533 1359 ad
1560 1321 1713 1359 ortus.

457 1379 605 1426 Ilanc
629 1378 714 1426 ubi
737 1379 1047 1440 praepetibus
1070 1378 1244 1439 pennis
1268 1377 1506 1439 lapsuque
1531 1376 1780 1424 volantem

457 1444 731 1506 Conspexit
754 1444 960 1503 Marius,
983 1442 1138 1490 divini
1162 1443 1378 1490 numinis
1402 1457 1574 1502 augur,

456 1510 740 1584 Faustaque
763 1508 905 1568 signa
927 1523 1043 1556 suae
1065 1508 1228 1555 laudis
1253 1507 1539 1568 reditusque
1564 1505 1772 1566 notavit,

458 1574 693 1622 Partibus
717 1574 930 1621 intonuit
952 1573 1075 1621 caeli
1099 1583 1240 1635 pater
1263 1573 1367 1634 ipse
1388 1572 1613 1620 sinistn'S.

458 1640 541 1688 Sic
563 1638 756 1702 aquilae
778 1639 964 1688 clarum
990 1639 1206 1686 firmavit
1230 1638 1453 1701 Iuppiter
1474 1651 1638 1686 omen.

267 1789 540 1848 XLVIII.
631 1788 760 1846 107.
794 1788 989 1865 Atque
1022 1788 1117 1845 ille
1151 1787 1386 1845 Romuli
1421 1793 1730 1863 auguratus
1764 1793 1951 1862 pasto-

266 1870 412 1939 raliS‚
437 1888 553 1924 non
585 1868 831 1925 urbanus
859 1869 991 1939 fuit,
1017 1887 1121 1925 nec
1152 1866 1319 1925 fictus
1347 1866 1420 1924 ad
1444 1867 1744 1943 opiniones
1775 1868 1952 1943 impe-

267 1951 524 2017 ritorum,
562 1947 659 2004 sed
702 1968 736 2005 a
776 1948 944 2009 certis
993 1956 1261 2025 acceptus
1303 1954 1361 2005 et
1403 1947 1646 2023 posteris
1688 1946 1949 2003 traditus.

266 2029 467 2104 Itaque
509 2026 790 2085 Romulus
838 2047 1035 2105 augur,
1071 2035 1139 2085 ut
1179 2027 1334 2105 apud
1376 2026 1627 2084 Ennium
1680 2033 1781 2098 est,
1818 2046 1950 2083 cum

266 2109 441 2166 fratre
470 2108 610 2166 item
638 2126 867 2184 augure,

463 2253 705 2301 Curantes
728 2267 909 2313 magna
933 2267 1047 2300 cum
1070 2266 1188 2300 cura
1211 2259 1317 2299 tum
1341 2251 1595 2314 cupientes

460 2318 622 2377 Regni
645 2318 767 2365 dant
789 2332 990 2379 operam
1015 2317 1162 2365 simul
1186 2317 1409 2379 auspicio
1432 2317 1750 2379 augurioque.

461 2384 596 2432 Hinc
620 2384 807 2432 Remus
830 2382 1049 2444 auspicio
1073 2398 1126 2431 se
1149 2382 1358 2430 devovet
1380 2391 1531 2445 atque
1554 2382 1823 2431 secundam

462 2448 606 2497 Solus
629 2463 771 2497 avem
795 2458 972 2497 servat.
1045 2449 1119 2496 At
1142 2448 1384 2496 Romulus
1405 2448 1612 2509 pulcher
1632 2449 1684 2495 in
1705 2447 1808 2495 alto

461 2513 668 2573 Quaerit
690 2514 957 2574 Aventino,
983 2522 1145 2561 servat
1165 2528 1320 2573 genus
1343 2513 1704 2561 altivolantum.

461 2579 731 2627 Certabant
756 2578 924 2626 urbem
950 2580 1165 2627 Romam
1190 2579 1522 2627 Remoramne
1544 2584 1788 2626 vocarent.

463 2645 706 2693 Omnibus
730 2659 848 2691 cura
873 2643 988 2691 viris
1011 2655 1121 2692 uter
1142 2654 1271 2692 esset
1296 2644 1625 2706 induperator.

464 2712 772 2771 Exspectant
794 2709 958 2766 veluti,
986 2710 1157 2758 consul
1180 2725 1293 2757 cum
1316 2709 1513 2757 mittere
1536 2709 1731 2768 signum

463 2775 602 2835 Volt,
621 2789 793 2823 omnes
818 2775 949 2822 avidi
975 2784 1202 2837 spectant
1224 2775 1287 2822 ad
1310 2775 1517 2822 carceris
1540 2789 1669 2832 oras,

288 2833 418 2885 108.
463 2840 627 2899 Quam
651 2855 772 2887 mox
795 2839 991 2888 emittat
1014 2839 1156 2901 pictis
1182 2854 1211 2887 e
1233 2840 1456 2886 faucibus
1480 2854 1653 2886 currus
1673 2856 1685 2886 ε

465 2906 545 2951 Sic
570 2905 890 2965 exspectabat
913 2904 1121 2966 populus
1144 2914 1291 2965 atquc
1313 2919 1400 2951 ora
1425 2904 1622 2952 tenebat

465 2968 648 3026 RebuS‚
673 2970 767 3015 utri
792 2969 960 3028 magni
983 2968 1191 3015 victoria
1214 2968 1277 3015 sit
1301 2968 1419 3015 data
1441 2969 1597 3028 regni.

465 3032 664 3079 Interea
686 3032 756 3078 sol
782 3033 920 3080 albus
943 3033 1147 3079 recessit
1170 3033 1221 3079 in
1245 3032 1402 3079 infera
1423 3034 1598 3081 noctis,

465 3095 603 3142 Exin
626 3096 838 3142 candida
861 3111 912 3143 se
936 3097 1086 3143 radiis
1113 3096 1252 3145 dedit
1274 3097 1376 3144 icta
1397 3097 1528 3145 foras
1550 3098 1654 3147 lux.

465 3160 535 3207 Et
558 3159 704 3206 simul
727 3174 793 3207 ex
814 3159 916 3207 alto
940 3160 1086 3219 longe
1107 3161 1437 3222 pulcherrima
1459 3177 1662 3225 praepes
