2205 3431
249 95 344 142 134
708 94 806 142 DE
839 93 1140 143 NATURA
1173 93 1494 143 DEORUM.

245 202 335 251 tra
355 194 526 251 deum
555 194 689 251 licet
717 195 1008 271 disputare
1036 195 1282 253 liberius,
1352 195 1421 252 In
1450 195 1752 253 hominum
1776 198 1933 255 vitiis

246 273 329 330 ais
356 292 477 330 esse
507 274 749 351 eulpam.
820 274 963 331 Eam
993 275 1246 332 dedisses
1269 275 1599 332 hominibus
1628 277 1930 349 rationem,

246 372 391 429 quae
424 354 562 411 vitia
603 354 944 431 culpamque
981 354 1320 412 excluderet.
1406 354 1527 412 Ubi
1561 356 1740 432 igitur
1770 356 1933 414 locus

244 433 360 490 fuit
388 434 562 490 errori
591 434 866 491 deorum?
947 434 1100 491 Nam
1129 435 1476 511 patrimonia
1508 454 1609 511 spe
1643 435 1787 493 bene
1820 444 1933 494 tra·

243 512 419 570 dendi
441 514 961 591 relinquimuS,qua
988 533 1293 591 possumus
1320 513 1477 572 falli:
1513 515 1653 572 deus
1681 516 1806 572 falli
1830 518 1932 593 qui

242 593 475 669 potuit?
556 594 652 650 An
695 601 762 650 ut
802 593 918 665 Sol,
948 596 1009 651 in
1051 614 1279 651 currum
1321 614 1454 651 cum
1495 594 1931 653 Phaethontem

242 671 425 729 filium
454 673 700 743 sustulit,
725 680 824 731 aut
852 674 1173 751 Neptunus,
1199 693 1330 731 cum
1358 673 1613 731 Theseus
1641 674 1932 752 Hippoly-

241 760 368 808 tum
401 753 671 829 perdidit,
696 773 827 810 cum
861 761 949 811 ter
983 753 1224 830 optandi
1262 774 1296 810 a
1328 754 1603 831 Neptuno
1636 764 1798 831 patre
1832 755 1931 812 ha-

241 831 459 889 buisset
506 834 888 908 potestatem?
973 833 1064 890 77.
1112 834 1427 891 Poetarum
1474 834 1586 891 ista
1634 841 1784 905 sunt,
1820 854 1930 892 nos

240 918 434 968 autem
462 912 795 989 philosophi
829 932 950 971 esse
979 913 1258 983 volumuS‚
1283 933 1472 970 rerum
1506 921 1782 986 auctoreS‚
1805 933 1928 971 non

240 990 580 1049 fabularum.
667 992 861 1069 Atque
894 993 956 1050 hi
989 1000 1184 1050 tamen
1222 993 1333 1069 ipsi
1367 992 1426 1051 di
1460 994 1678 1070 poetici
1711 994 1759 1050 si
1793 995 1930 1051 scis-

241 1079 369 1128 sent
401 1072 720 1147 peruiciosa
758 1073 884 1130 fore
926 1072 1024 1130 illa
1063 1072 1211 1141 filiis,
1243 1092 1504 1149 peccasse
1545 1074 1606 1131 in
1648 1073 1928 1131 beneficio

240 1158 591 1227 putarentur.
675 1152 768 1222 Et,
790 1153 838 1209 si
868 1172 1063 1209 verum
1092 1160 1196 1223 est,
1222 1153 1379 1230 quod
1407 1152 1605 1210 Aristo
1634 1153 1814 1211 Chius
1843 1153 1930 1210 di-

240 1250 365 1288 cere
408 1231 644 1302 solebat,
664 1251 869 1289 nocere
900 1232 1269 1290 audientibus
1301 1232 1726 1325 philosophos
1711 1234 1798 1304 1is,
1825 1235 1927 1310 qui

240 1310 385 1368 bene
413 1311 569 1368 dicta
595 1312 743 1369 male
771 1312 1310 1389 interpretarentur.
1355 1332 1521 1389 posse
1550 1313 1700 1370 enim
1732 1321 1927 1371 asotos

239 1411 310 1447 ex
330 1391 632 1483 Aristippi,
653 1392 886 1450 acerbos
907 1412 937 1449 e
959 1388 1203 1450 Zenonis
1232 1392 1425 1449 schola
1446 1393 1629 1450 exire:
1675 1413 1924 1470 prorsuS,

239 1472 289 1527 si
326 1472 423 1548 qui
457 1471 762 1529 audierunt
794 1472 989 1529 vitiosi
1030 1480 1220 1530 essent
1262 1472 1579 1544 discessuri,
1604 1473 1762 1550 quod
1801 1494 1929 1550 per-

241 1570 398 1608 verse
421 1550 899 1628 philosophorum
922 1552 1373 1629 disputationem
1396 1552 1923 1644 interpretarentur,

239 1638 424 1688 tacere
459 1638 771 1708 praestaret
804 1632 1166 1709 philosophis
1195 1651 1366 1709 quam
1400 1632 1489 1703 iis,
1511 1633 1609 1709 qui
1643 1653 1702 1690 se
1740 1633 1928 1690 audis-

238 1720 383 1784 sent,
404 1732 622 1769 nocere.
696 1712 727 1769 7
736 1719 786 1771 8
820 1712 930 1784 Sic,
953 1713 1000 1770 si
1022 1712 1286 1770 homines
1312 1713 1593 1771 rationem
1615 1713 1771 1771 bono
1793 1733 1928 1772 con—

239 1792 365 1849 silio
395 1811 429 1848 a
456 1791 545 1849 dis
574 1792 995 1850 immortalibus
1025 1792 1262 1850 datam
1248 1813 1308 1850 m
1331 1794 1594 1851 fraudem
1622 1794 1928 1851 malitiam-

240 1890 351 1948 que
391 1878 748 1942 convertunt,
781 1893 897 1931 non
939 1874 1062 1930 dari
1093 1873 1251 1930 illam
1295 1893 1466 1949 quam
1508 1874 1631 1931 dari
1668 1874 1926 1931 humano

237 1951 433 2028 generi
460 1951 665 2008 melius
692 1952 822 2010 fuit.
908 1953 1012 2024 Ut,
1034 1953 1082 2010 si
1110 1953 1366 2011 medicus
1395 1955 1538 2011 sciat
1570 1973 1700 2011 eum
1729 1973 1927 2030 aegro-

237 2039 381 2102 tum,
407 2031 507 2108 qui
535 2031 719 2089 iussus
757 2033 832 2090 sit
861 2033 1057 2090 vinum
1093 2053 1330 2105 sumere,
1355 2034 1633 2091 meracius
1667 2044 1927 2110 sumptu-

236 2131 366 2168 rum
395 2112 703 2188 statimque
731 2114 1067 2189 periturum,
1086 2133 1298 2190 magna
1325 2114 1400 2170 sit
1428 2114 1487 2170 in
1517 2113 1699 2190 culpa,
1725 2115 1805 2171 sic
1833 2134 1927 2171 ve-

237 2199 354 2249 stra
394 2191 506 2249 ista
546 2192 908 2268 providentia
948 2193 1429 2271 reprehendenda,
1456 2213 1599 2271 quae
1640 2194 1923 2251 rationem

236 2272 460 2330 dederit
493 2271 579 2342 iis,
607 2291 752 2348 quos
786 2274 975 2331 scierit
1008 2293 1074 2331 ea
1107 2293 1364 2350 perverse
1399 2281 1458 2331 et
1490 2273 1753 2350 improbe
1795 2293 1928 2330 usu-

237 2373 345 2411 ros,
430 2353 559 2410 Nisi
593 2354 745 2412 forte
778 2354 970 2412 dicitis
1011 2373 1137 2411 eam
1176 2354 1436 2410 nescisse.
1522 2353 1764 2411 Utinam
1801 2354 1925 2430 qui-

236 2433 403 2490 dem!
479 2433 594 2490 Sed
616 2453 734 2490 non
763 2434 1062 2492 audebitis,
1140 2433 1198 2490 N
1201 2453 1276 2490 on
1305 2433 1458 2490 enim
1486 2433 1691 2510 ignoro
1723 2434 1924 2511 quanti

235 2514 360 2571 eius
388 2533 598 2570 nomen
626 2514 860 2590 putetis,

316 2593 576 2651 XXXII.
665 2595 755 2652 79.
794 2594 907 2651 Sed
936 2593 1030 2651 hic
1063 2593 1297 2670 quidem
1325 2592 1485 2650 locus
1512 2592 1776 2650 concludi
1804 2592 1924 2650 iam

236 2681 445 2750 potest.
531 2674 683 2731 Nam
713 2674 760 2730 si
789 2673 1033 2731 stultitia
1067 2693 1347 2730 consensu
1382 2673 1643 2730 omnium
1671 2673 1927 2750 philoso-

236 2753 484 2829 phorum
513 2754 697 2810 maius
719 2762 806 2811 est
826 2754 1058 2822 malum,
1077 2772 1247 2830 quam
1272 2755 1319 2809 si
1342 2754 1538 2810 omnia
1557 2753 1709 2810 mala
1729 2759 1786 2810 et
1807 2753 1925 2810 for-

236 2844 409 2890 tunae
432 2842 488 2889 et
511 2835 766 2910 corporis
788 2853 856 2891 ex
878 2834 1053 2891 altera
1072 2840 1235 2910 parte
1257 2840 1560 2909 ponantur,
1582 2833 1918 2909 sapientiam

236 2920 428 2969 autem
457 2931 628 2968 nemo
664 2914 1010 2990 adsequitur,
1031 2913 1091 2968 in
1128 2914 1367 2970 summis
1401 2913 1566 2970 malis
1601 2931 1799 2969 omnes
1833 2932 1924 2969 su-

236 3011 381 3061 mus,
409 2990 614 3066 quibus
642 3011 744 3047 vos
778 2994 997 3068 optime
1039 2992 1365 3049 consultum
1398 3012 1432 3049 a
1465 2992 1554 3049 dis
1587 2992 1923 3049 immortali-

236 3069 345 3125 bus
380 3069 585 3126 dicitiS.
671 3069 823 3126 Nam
857 3078 923 3127 ut
954 3071 1098 3127 nihil
1132 3072 1371 3128 interest
1403 3079 1596 3128 utrum
1631 3091 1801 3129 nemo
1830 3092 1924 3129 va-

238 3148 353 3204 leat
380 3167 453 3204 an
481 3166 652 3205 nemo
680 3149 863 3224 possit
890 3148 1090 3220 valere,
1113 3150 1192 3206 sic
1221 3170 1340 3207 non
1368 3151 1640 3226 intellego
1671 3151 1811 3228 quid
1837 3151 1923 3208 in-
