2205 3431
270 149 367 195 210
796 142 895 190 DE
928 141 1427 193 DIVINATIONE.

272 252 364 304 39.
415 245 531 317 An,
555 261 687 301 cum
714 243 778 299 in
804 243 1267 321 Aequimaelium
1301 244 1563 302 misimus
1599 245 1696 321 qui
1730 244 1958 304 adferat

269 346 483 404 agnum
513 344 684 403 quem
711 324 1092 393 immolemuS‚
1111 323 1161 380 is
1181 323 1326 380 mihi
1349 342 1531 399 agnus
1560 323 1832 396 adfertur,
1856 327 1959 402 qui

269 407 444 464 habet
484 414 617 463 exta
654 404 824 462 rebus
864 403 1315 474 accommodata,
1350 411 1409 461 et
1449 404 1525 461 ad
1565 423 1696 461 eum
1738 424 1956 479 agnum

269 507 387 543 non
429 506 578 557 casu,
604 485 704 543 sed
745 485 889 542 duce
931 484 1040 541 deo
1076 504 1269 541 servus
1301 483 1637 541 deducitur?
1718 484 1871 541 Nam
1906 486 1958 543 si

269 586 463 623 casum
497 568 555 623 in
591 586 659 623 eo
704 584 931 642 quoque
974 564 1119 621 dicis
1158 583 1278 620 esse
1322 564 1484 640 quasi
1524 571 1737 621 sortem
1781 584 1958 640 quan-

269 647 403 703 dam
439 666 565 702 cum
604 645 840 702 deorum
875 643 1170 700 voluntate
1204 643 1585 713 coniunctam,
1622 643 1790 701 doleo
1833 652 1959 701 tan-

268 734 389 782 tam
433 725 658 782 Stoicos
697 731 924 781 nostros
958 722 1254 799 Epicureis
1286 723 1562 779 irridendi
1596 723 1684 780 sui
1717 724 1959 781 faculta-

268 813 388 861 tem
423 805 663 862 dedisse.
749 803 805 860 N
808 824 880 860 on
926 803 1079 860 enim
1114 803 1344 879 ignoras
1379 822 1550 879 quam
1585 804 1695 860 ista
1735 804 1958 861 deride-

268 893 382 941 ant.
469 889 563 940 40.
622 884 699 940 Et
749 883 980 960 quidem
1034 882 1121 939 illi
1173 882 1402 939 facilius
1456 883 1642 940 facere
1690 891 1952 959 possunt.

267 963 425 1020 Deos
454 964 607 1020 enirn
635 964 793 1040 ipsos
823 962 1048 1020 iocandi
1076 981 1245 1019 causa
1272 962 1501 1019 induxit
1523 961 1802 1039 Epicurus
1830 983 1957 1039 per—

269 1043 489 1100 lucidos
532 1049 590 1100 et
631 1042 949 1118 perflabiles
992 1049 1051 1099 et
1090 1041 1417 1099 habitantes
1457 1049 1750 1118 tamquam
1801 1043 1958 1100 inter

267 1123 413 1180 duos
452 1123 611 1183 lucos
653 1123 733 1179 sic
773 1122 923 1179 inter
964 1122 1110 1178 duos
1151 1122 1400 1179 mundos
1447 1130 1683 1199 propter
1729 1130 1955 1180 metum

266 1204 575 1272 ruinarum,
600 1221 809 1279 eosque
842 1201 1049 1259 habere
1083 1208 1253 1278 putat
1286 1201 1486 1258 eadem
1520 1201 1779 1258 membra
1808 1222 1955 1279 quae

265 1302 372 1339 nos
406 1302 510 1340 nec
539 1302 706 1339 usum
737 1281 913 1338 ullum
947 1280 1154 1338 habere
1181 1280 1587 1338 membrorum.
1673 1281 1828 1359 Ergo
1857 1282 1954 1340 hic

266 1363 600 1420 circuitione
630 1361 872 1438 quadam
906 1361 1042 1418 deos
1064 1360 1272 1418 tollens
1299 1368 1449 1418 recte
1473 1380 1587 1417 non
1619 1361 1849 1419 dubitat
1871 1363 1955 1420 di-

265 1442 618 1499 vinationem
663 1441 875 1501 tollere.
962 1440 1077 1497 Sed
1126 1460 1261 1511 non,
1298 1447 1364 1497 ut
1411 1441 1505 1497 hic
1551 1441 1661 1498 sibi
1706 1448 1951 1514 constat,

264 1522 407 1579 item
436 1521 633 1579 Stoici.
721 1521 882 1577 Illius
911 1521 1063 1578 enim
1095 1520 1237 1577 deus
1268 1520 1460 1576 “nihil
1485 1520 1700 1578 habens
1727 1541 1833 1579 nec
1864 1524 1955 1580 sui

265 1621 370 1659 nec
404 1601 574 1658 alieni
602 1602 822 1678 negotii
845 1601 878 1627 ”
915 1620 1029 1657 non
1062 1608 1254 1677 potest
1283 1600 1613 1657 hominibus
1647 1601 1954 1660 divinatio-

263 1701 398 1739 nem
432 1682 739 1759 impertire.
826 1680 1033 1739 Vester
1067 1687 1257 1738 autem
1295 1680 1433 1738 deus
1467 1687 1673 1758 potest·
1694 1701 1810 1740 non
1847 1683 1954 1740 im-

264 1763 491 1839 pertire,
514 1770 580 1820 ut
606 1762 789 1819 nihilo
819 1763 1010 1819 minus
1037 1761 1318 1817 mundum
1349 1770 1510 1837 regat
1537 1769 1595 1819 et
1616 1761 1953 1821 hominibus

264 1842 540 1899 consulat.
629 1847 722 1898 41.
768 1842 886 1898 Cur
914 1842 1091 1918 igitur
1119 1861 1220 1897 vos
1249 1841 1490 1898 induitis
1520 1842 1577 1897 in
1609 1862 1702 1899 eas
1736 1844 1952 1920 captio-

265 1941 381 1991 neS,
410 1941 548 1998 quas
583 1940 895 1997 numquam
933 1921 1265 1997 explicetis?
1348 1920 1438 1977 Ita
1471 1921 1641 1991 enim,
1668 1942 1799 1979 cum
1836 1943 1953 1980 ma-

263 2002 353 2077 gis
402 2008 728 2078 properant,
761 2000 1098 2058 concludere
1149 2000 1366 2057 solent:
1413 2001 1526 2057 “Si
1576 2001 1636 2057 di
1682 2010 1830 2071 sunt,
1864 2011 1952 2061 est

265 2081 579 2138 divinatio:
617 2087 751 2137 sunt
773 2088 961 2137 autem
995 2081 1084 2137 di:
1130 2087 1216 2136 est
1237 2099 1372 2156 ergo
1402 2080 1736 2138 divinati0.”
1805 2082 1953 2140 Mul-

264 2169 326 2218 to
357 2168 443 2218 est
471 2160 859 2238 probabilius:
920 2162 954 2187 “
976 2160 1109 2215 Non
1139 2167 1225 2217 est
1254 2168 1446 2217 autem
1475 2160 1789 2219 divinatio:
1828 2182 1951 2221 non

265 2249 398 2298 sunt
431 2260 568 2318 ergo
603 2240 718 2297 di.”
804 2240 957 2297 Vide
1000 2259 1171 2316 quam
1208 2248 1420 2297 temere
1462 2245 1831 2298 committant
1864 2250 1949 2314 ut,

264 2322 313 2377 si
347 2321 502 2377 nulla
535 2321 611 2377 sit
644 2319 939 2390 divinatio,
970 2320 1115 2376 nulli
1149 2320 1265 2376 sint
1298 2319 1375 2377 di.
1458 2318 1758 2378 Divinatio
1794 2323 1951 2379 enim

263 2401 561 2478 perspicue
590 2399 827 2471 tollitur,
853 2400 991 2456 deos
1020 2418 1141 2456 esse
1168 2399 1531 2457 retinendum
1562 2409 1663 2457 est.

344 2479 573 2538 XVIII.
659 2484 753 2536 42.
811 2479 1007 2556 Atque
1049 2479 1155 2536 hac
1204 2479 1545 2555 extispicum
1595 2479 1952 2539 divinatione

263 2560 487 2618 sublata
515 2560 703 2618 omnis
725 2559 1086 2635 haruspicina
1115 2558 1336 2616 sublata
1363 2565 1466 2616 est.
1534 2557 1777 2617 Ostenta
1794 2562 1951 2618 enim

264 2647 579 2718 sequuntur
627 2646 686 2696 et
732 2639 977 2716 fulgura.
1062 2638 1236 2696 Valet
1279 2645 1467 2695 autem
1516 2639 1577 2695 in
1621 2639 1952 2715 fulguribus

264 2720 586 2778 observatio
617 2720 901 2788 diuturna,
925 2719 987 2775 in
1017 2719 1257 2775 ostentis
1285 2718 1431 2775 ratio
1455 2719 1787 2795 plerumque
1816 2738 1952 2778 con-

263 2801 591 2876 iecturaque
633 2799 951 2857 adhibetur.
1038 2798 1195 2867 Quid
1235 2805 1322 2855 est
1360 2798 1537 2874 igitur
1571 2798 1726 2876 quod
1760 2798 1952 2857 obser-

263 2888 458 2936 vatum
494 2880 569 2935 sit
598 2880 654 2935 in
686 2879 949 2950 fulgure?
1030 2878 1266 2935 Caelum
1297 2879 1354 2934 in
1387 2897 1493 2934 xv¹
1522 2885 1712 2955 partes
1745 2878 1951 2937 divise-

265 2965 398 3013 runt
431 2957 672 3013 Etrusci.
760 2957 944 3014 Facile
977 2958 1039 3013 id
1074 2958 1306 3034 quidem
1340 2958 1470 3027 fuit,
1494 2964 1780 3034 quattuor,
1807 2978 1950 3035 quas

264 3053 372 3090 nos
400 3034 691 3104 habemuS,
712 3036 1032 3111 duplicare:
1076 3044 1211 3112 post
1234 3037 1385 3094 idem
1415 3037 1624 3095 iterum
1652 3038 1857 3108 facere,
1881 3048 1950 3097 ut

266 3133 338 3169 cx
371 3131 439 3169 eo
474 3113 729 3169 dicerent
762 3114 981 3172 fulmen
1017 3134 1130 3191 qua
1171 3135 1238 3171 ex
1271 3123 1433 3189 parte
1474 3117 1737 3175 venisset.
1823 3118 1950 3177 Pri-

266 3210 429 3248 mum
456 3190 517 3247 id
541 3191 678 3265 quid
706 3192 978 3249 interest?
1012 3193 1218 3250 deinde
1242 3195 1380 3269 quid
1404 3195 1724 3270 significat?
1789 3197 1848 3255 N
1851 3219 1950 3257 on-
