2205 3431
248 152 313 199 62
687 151 789 200 DE
821 151 1121 201 NATURA
1154 151 1474 200 DEORUM.

248 251 570 310 mobilitate
612 252 905 309 celerrima
944 272 1080 310 esse.
1166 251 1293 320 Qua
1333 272 1392 309 re
1434 271 1565 309 cum
1598 253 1659 309 in
1700 253 1926 311 aethere

249 339 401 390 astra
426 333 752 409 gignantur,
778 340 1223 390 consentaneum
1258 339 1345 405 est
1371 333 1432 388 in
1465 332 1556 389 his
1589 351 1818 390 sensum
1846 334 1929 390 in-

250 432 370 470 esse
399 421 458 470 et
477 413 945 489 intellegentiam,
967 431 1035 469 ex
1065 432 1179 488 quo
1210 411 1452 469 efficitur
1472 412 1531 468 in
1561 412 1799 470 deorum
1828 433 1928 470 nu-

248 511 407 549 mero
435 500 587 549 astra
614 511 734 549 esse
763 492 1036 549 ducenda.
1107 490 1289 549 XVI.
1322 492 1553 549 Etenim
1582 491 1714 550 licet
1735 493 1926 550 videre

249 573 503 629 acutiora
530 572 760 648 ingenia
789 578 845 628 et
873 572 947 628 ad
975 571 1425 647 intellegendum
1453 572 1676 648 aptiora
1708 592 1924 643 eorum,

250 652 347 728 qui
376 659 551 708 terras
579 650 832 708 incolant
860 670 968 722 eas,
994 652 1053 707 in
1084 651 1291 728 quibus
1318 658 1420 708 aer
1445 652 1521 708 sit
1547 671 1725 728 purus
1754 671 1820 709 ac
1847 660 1929 710 te-

249 732 391 801 ιιιιίε,
425 750 597 807 quam
637 729 881 800 illorum,
915 731 1013 808 qui
1055 738 1290 788 utantur
1329 750 1516 789 crasso
1558 732 1713 789 caelo
1756 739 1926 810 atque

248 818 529 868 concreto,
615 816 708 867 43.
746 809 900 878 Quin
942 811 1116 867 etiam
1150 811 1280 868 cibo
1316 831 1430 888 quo
1464 818 1624 868 utare
1658 812 1926 869 interesse

247 890 465 967 aliquid
499 890 572 946 ad
604 891 815 947 mentis
848 891 1029 947 aciem
1056 897 1281 967 putant.
1366 891 1672 949 Probabile
1705 899 1792 948 est
1824 893 1927 968 igi-

246 978 342 1026 tur
361 976 744 1046 praestantem
767 970 1215 1045 intellegentiam
1241 971 1297 1027 in
1324 970 1601 1028 sideribus
1623 991 1760 1041 esse,
1783 991 1925 1048 quae

247 1056 305 1106 et
332 1049 643 1106 aetheriam
676 1057 897 1126 partem
931 1050 1135 1107 mundi
1164 1050 1434 1121 incolant,
1460 1057 1518 1107 et
1550 1051 1786 1108 marinis
1818 1058 1927 1108 ter·

245 1130 506 1207 renisque
548 1129 844 1186 umoribus
885 1130 1059 1205 longo
1093 1130 1391 1187 intervallo
1426 1131 1745 1187 extenuatis
1777 1131 1928 1187 alan-

244 1216 353 1268 tur.
439 1209 682 1267 Sensum
724 1216 916 1266 autem
959 1217 1239 1266 astrorum
1270 1217 1440 1287 atque
1476 1210 1921 1286 intellegentiam
1982 1259 2002 1268 χ

244 1288 491 1346 maxime
514 1289 762 1347 declarat
783 1289 924 1346 ordo
953 1308 1149 1346 eorum
1180 1296 1352 1366 atque
1381 1289 1925 1347 constantia—nihil

245 1376 332 1426 est
360 1370 514 1426 enim
550 1369 706 1446 quod
732 1369 953 1427 ratione
987 1379 1046 1426 et
1073 1388 1313 1427 numero
1341 1370 1557 1427 moveri
1586 1371 1770 1446 possit
1804 1371 1925 1427 sine

246 1449 625 1506 consilio—in
662 1468 775 1526 quo
809 1449 953 1505 nihil
987 1456 1075 1506 est
1107 1450 1489 1519 temerarium,
1512 1450 1656 1507 nihil
1685 1450 1922 1517 varium,

245 1529 387 1585 nihil
418 1529 742 1586 fortuitum.
828 1528 988 1586 Ordo
1029 1537 1224 1587 autem
1267 1530 1518 1586 siderum
1562 1536 1620 1586 et
1661 1530 1722 1586 in
1766 1530 1925 1587 omni

246 1610 580 1666 aeternitate
609 1610 931 1666 constantia
957 1628 1144 1685 neque
1177 1618 1439 1666 naturam
1475 1609 1926 1686 significat-est

246 1689 398 1746 enim
442 1688 612 1767 plena
650 1689 1166 1766 rationis—neque
1208 1690 1520 1761 fortunam,
1558 1709 1702 1767 quae
1743 1690 1928 1748 amica

245 1770 504 1827 varietati
534 1770 914 1826 constantiam
942 1770 1175 1845 respuit.
1245 1769 1516 1847 Sequitur
1543 1789 1680 1846 ergo
1709 1779 1775 1828 ut
1801 1772 1928 1847 ipsa

246 1869 348 1905 sua
381 1856 602 1925 sponte,
628 1868 731 1905 suo
767 1867 934 1905 sensu
968 1868 1031 1906 ac
1062 1849 1362 1906 divinitate
1389 1857 1742 1908 moveantur.
1828 1856 1922 1908 44.

224 1928 368 1986 ‘Nec
396 1948 529 1985 vero
557 1929 897 1986 Aristoteles
929 1948 1043 1985 non
1075 1928 1393 1986 laudandus
1426 1930 1486 1986 in
1522 1950 1589 1987 eo
1625 1930 1781 2007 quod
1809 1950 1928 1987 om-

244 2009 357 2078 nia,
385 2028 528 2086 quae
556 2016 874 2079 moventur,
896 2017 995 2066 aut
1025 2016 1227 2066 natura
1255 2011 1469 2067 moveri
1501 2011 1722 2067 censuit
1750 2017 1850 2067 aut
1871 2011 1926 2067 vi

246 2097 346 2146 aut
373 2089 684 2157 voluntate,
709 2090 925 2146 moveri
955 2097 1145 2147 autem
1178 2090 1353 2147 solem
1387 2097 1444 2147 et
1473 2090 1667 2147 lunam
1698 2097 1756 2148 et
1785 2091 1928 2148 side-

245 2188 308 2228 ra
342 2169 567 2227 omnia:
612 2188 755 2245 quae
789 2177 981 2226 autem
1015 2177 1219 2226 natura
1251 2177 1630 2240 moverentur,
1656 2170 1795 2227 haec
1829 2179 1928 2228 aut

245 2249 499 2326 pondere
541 2248 807 2305 deorsum
842 2257 942 2306 aut
976 2249 1207 2307 levitate
1241 2253 1301 2306 in
1336 2249 1577 2307 sublime
1611 2251 1765 2322 ferri,
1792 2270 1927 2327 quo-

245 2348 373 2386 rum
406 2337 670 2386 neutrum
707 2330 872 2386 astris
906 2330 1281 2406 contingeret,
1313 2337 1615 2406 propterea
1649 2331 1804 2407 quod
1838 2350 1929 2388 eo-

245 2428 369 2466 rum
401 2416 594 2467 motus
622 2409 681 2464 in
715 2409 913 2466 orbem
947 2410 1274 2486 circumque
1301 2410 1559 2468 ferretur.
1645 2409 1702 2466 N
1704 2430 1766 2467 ec
1793 2430 1927 2467 vero

246 2488 360 2546 dici
383 2495 575 2565 potest
597 2490 653 2546 vi
683 2489 928 2565 quadam
958 2490 1175 2546 maiore
1196 2489 1317 2546 fieri
1345 2496 1411 2546 ut
1439 2497 1639 2547 contra
1663 2497 1927 2548 naturam

245 2576 396 2625 astra
416 2575 766 2627 moveantur.
832 2568 989 2637 Quae
1012 2569 1165 2626 enim
1189 2576 1382 2645 potest
1401 2570 1584 2627 maior
1605 2572 1762 2628 esse?
1821 2570 1929 2627 Re-

247 2656 361 2705 stat
389 2650 567 2724 igitur
594 2656 660 2706 ut
686 2656 880 2707 motus
908 2656 1190 2707 astrorum
1221 2650 1297 2706 sit
1323 2649 1691 2707 voluntarius,
1769 2649 1930 2718 Quae

247 2728 344 2804 qui
368 2728 560 2786 videat
586 2748 704 2785 non
729 2729 960 2786 indocte
989 2729 1192 2798 solum,
1213 2749 1406 2786 verum
1438 2730 1613 2787 etiam
1640 2730 1818 2807 impie
1846 2731 1929 2787 fa-

247 2808 376 2879 ciat,
409 2808 457 2864 si
490 2808 629 2865 deos
662 2828 782 2866 esse
815 2815 1001 2885 neget.
1087 2809 1145 2865 N
1148 2829 1210 2865 ec
1244 2828 1376 2866 sane
1410 2810 1658 2867 multum
1690 2810 1929 2868 interest

246 2895 440 2944 utrum
477 2886 537 2943 id
568 2894 741 2964 neget
773 2908 846 2944 an
880 2908 978 2945 eos
1012 2889 1172 2945 omni
1205 2890 1605 2964 procuratione
1639 2896 1810 2966 atque
1843 2910 1928 2947 ac-

246 2967 405 3024 tione
439 2967 657 3042 privctz
700 2967 846 3023 mihi
880 2968 1033 3025 enim
1070 2968 1170 3044 qui
1204 2967 1345 3024 nihil
1376 2970 1495 3044 agit
1529 2989 1648 3026 esse
1691 2971 1928 3027 omnino

247 3065 362 3103 non
386 3046 626 3103 videtur.
703 3046 841 3104 Esse
862 3047 1040 3124 igitur
1067 3047 1206 3105 deos
1228 3049 1309 3105 ita
1328 3049 1692 3125 perspicuum
1722 3058 1824 3115 est.
1844 3058 1926 3122 nt,

248 3127 306 3183 id
329 3127 424 3202 qui
445 3133 631 3200 neget,
650 3127 741 3182 vix
762 3146 890 3183 eum
912 3147 1079 3184 sanae
1098 3129 1308 3184 mentis
1326 3129 1663 3186 existimem.
1726 3130 1924 3189 XVII.

250 3213 342 3263 45.
377 3206 576 3263 Restat
605 3216 670 3263 ut
700 3207 881 3282 qualis
915 3227 1109 3264 eorum
1149 3219 1350 3264 natura
1384 3209 1457 3266 sit
1487 3209 1924 3268 consideremus,
