2205 3431
240 91 337 139 164
758 87 856 133 DE
890 85 1392 134 DIVINATIONE.

240 187 675 264 diligentissime
703 206 792 243 res
819 185 1161 243 Hannibalis
1186 192 1517 262 persecutus
1544 192 1664 244 est:
1699 184 1921 243 Hanni-

239 267 441 338 balem,
468 286 599 323 cum
628 266 869 343 cepisset
891 265 1230 339 Saguntum,
1256 265 1438 322 visum
1470 285 1589 323 esse
1617 265 1678 322 in
1700 266 1922 323 somnis

238 368 273 405 a
299 347 435 404 Iove
464 347 525 402 in
555 346 793 403 deorum
826 343 1133 401 concilium
1168 345 1389 401 vocari:
1435 364 1548 421 quo
1578 363 1710 402 cum
1737 346 1923 402 venis-

238 435 340 499 set,
372 426 570 483 Iovem
611 426 918 501 imperasse
960 431 1026 480 ut
1058 422 1258 480 Italiae
1292 422 1504 481 bellum
1538 424 1775 482 inferret
1816 425 1921 482 du-

238 525 475 583 cemque
509 506 560 562 ei
596 524 773 562 unum
809 523 839 560 e
874 503 1117 560 concilio
1153 503 1370 574 datum,
1403 522 1517 580 quo
1551 503 1715 560 illum
1756 512 1920 561 uten-

236 594 356 643 tem
398 605 530 642 cum
573 584 824 641 exercitu
855 582 1125 660 progredi
1163 583 1433 659 coepisse,
1464 590 1590 639 tum
1625 583 1678 640 ei
1710 583 1919 641 ducem

235 666 397 722 illum
432 665 782 741 praecepisse
816 683 888 719 ne
921 663 1242 739 respiceret,
1274 662 1435 718 illum
1470 670 1662 720 autem
1698 663 1760 719 id
1795 664 1921 721 diu-

235 746 350 803 tius
371 745 557 801 facere
580 763 696 800 non
719 744 974 820 potuisse
996 743 1322 819 elatumque
1351 742 1667 818 cupiditate
1694 762 1921 819 respex-

235 826 360 894 isse,
386 831 511 881 tum
543 824 719 880 visam
750 823 974 880 beluam
1008 830 1227 879 vastam
1256 829 1315 879 et
1342 823 1652 880 immanem
1681 823 1920 880 circum-

234 903 502 980 plicatam
533 902 889 979 serpentibus
919 921 1278 979 quacumque
1306 902 1593 960 incederet
1621 903 1816 959 omnia
1836 923 1922 959 ar-

236 984 416 1054 busta,
450 982 712 1059 virgulta,
743 990 895 1039 tecta
935 990 1271 1058 pervertere,
1303 989 1362 1039 et
1403 1001 1535 1039 eum
1569 982 1919 1040 admiratum

235 1064 518 1141 quaesisse
548 1062 619 1119 de
648 1063 756 1119 deo
788 1062 1076 1139 quodnam
1099 1062 1244 1119 illud
1266 1069 1413 1119 esset
1441 1062 1551 1118 tale
1574 1070 1916 1134 monstrum,

234 1152 292 1200 et
321 1144 493 1200 deum
514 1142 872 1219 respondisse
894 1143 1219 1199 vastitatem
1242 1161 1362 1200 esse
1385 1141 1583 1199 Italiae
1604 1143 1920 1218 praecepis-

234 1242 405 1300 seque
439 1231 506 1280 ut
533 1228 793 1298 pergeret
818 1222 1098 1299 protinuS,
1131 1221 1273 1298 quid
1305 1229 1456 1280 retro
1491 1228 1662 1298 atque
1690 1241 1724 1279 a
1751 1229 1918 1298 tergo

233 1302 393 1360 fieret
420 1322 492 1359 ne
520 1301 816 1359 laboraret.
896 1308 987 1358 50.
1025 1301 1205 1378 Apud
1232 1301 1616 1377 Agathoclem
1639 1302 1919 1378 scriptum

232 1383 293 1439 in
339 1382 578 1439 historia
625 1389 710 1438 est
756 1381 1143 1438 Hamilcarem
1188 1380 1747 1457 Karthaginiensem,
1783 1401 1918 1439 cum

233 1469 594 1539 oppugnaret
628 1461 949 1537 SyracusaS,
979 1461 1166 1517 visum
1209 1480 1329 1518 esse
1371 1461 1567 1518 audire
1608 1480 1826 1532 vocem,
1857 1482 1919 1520 se

232 1542 510 1618 postridie
556 1549 887 1598 cenaturum
931 1541 1257 1615 Syracusis:
1309 1560 1439 1597 cum
1483 1547 1676 1598 autem
1710 1542 1760 1598 is
1793 1542 1919 1599 dies

231 1622 525 1692 illuxisset,
556 1640 825 1696 magnam
870 1621 1210 1677 seditionem
1255 1621 1315 1677 in
1360 1621 1558 1677 castris
1602 1620 1725 1677 eius
1768 1621 1919 1680 inter

231 1701 462 1759 Poenos
506 1709 565 1759 et
610 1700 832 1759 Siculos
877 1700 1087 1758 milites
1131 1720 1250 1759 esse
1293 1700 1540 1758 factam:
1586 1700 1742 1778 quod
1783 1722 1918 1759 cum

233 1783 539 1838 sensissent
584 1780 939 1857 Syracusani,
973 1781 1285 1857 improviso
1330 1800 1427 1838 eos
1461 1781 1521 1836 in
1556 1788 1739 1839 castra
1779 1782 1920 1839 irru-

232 1862 384 1937 pisse
430 1861 928 1937 Hamilcaremque
973 1860 1043 1917 ab
1089 1862 1160 1917 iis
1204 1861 1397 1917 vivum
1443 1880 1563 1918 esse
1608 1861 1914 1920 sublatum.

233 1940 325 1997 Ita
357 1960 445 1996 res
479 1940 766 1996 somnium
806 1940 1218 2016 comprobavit.
1304 1940 1483 1997 Plena
1524 1940 1919 2018 exemplorum

232 2027 319 2077 est
372 2019 627 2089 historia,
669 2027 795 2076 tum
843 2021 1055 2078 referta
1101 2020 1221 2077 vita
1268 2021 1606 2078 communis,
1695 2026 1786 2078 51.
1833 2021 1919 2078 At

230 2119 364 2157 vero
394 2099 460 2157 P.
485 2099 699 2157 Decius
726 2100 820 2156 ille
855 2099 921 2168 Q„
948 2100 1028 2172 F.,
1054 2100 1154 2177 qui
1183 2100 1402 2176 primus
1430 2119 1461 2157 e
1489 2100 1685 2157 Deciis
1717 2102 1918 2158 consul

231 2180 362 2251 fuit,
395 2198 525 2236 cum
560 2186 707 2237 esset
739 2178 1003 2236 tribunus
1036 2180 1288 2237 militum
1318 2179 1395 2237 M.
1421 2179 1653 2237 Valerio
1683 2179 1754 2237 A.
1780 2180 1920 2238 Cor-

231 2260 383 2317 nelio
418 2259 745 2317 consulibus
778 2279 812 2315 a
845 2259 1312 2336 Samnitibusque
1340 2268 1691 2336 premeretur
1723 2268 1920 2317 noster

232 2340 526 2409 exercituS,
567 2358 698 2396 cum
744 2339 993 2414 pericula
1034 2339 1385 2416 proeliorum
1429 2340 1599 2396 iniret
1646 2339 1919 2397 audacius

231 2427 670 2496 monereturque
705 2429 770 2475 ut
803 2419 1022 2476 cautior
1056 2426 1220 2489 esset,
1252 2420 1415 2490 dixit,
1448 2419 1605 2496 quod
1637 2427 1822 2476 exstat
1855 2421 1918 2477 in

230 2499 562 2556 annalibus:
607 2498 715 2555 sibi
744 2499 804 2555 in
832 2500 1048 2555 somnis
1082 2500 1268 2555 visum
1302 2519 1437 2569 esse,
1462 2518 1592 2556 cum
1621 2500 1682 2555 in
1711 2500 1919 2556 mediis

230 2579 494 2638 hostibus
517 2586 843 2649 versaretur,
870 2579 1125 2636 occidere
1149 2599 1279 2635 cum
1304 2579 1552 2636 maxima
1572 2578 1770 2655 gloria.
1840 2579 1919 2637 Et

231 2667 355 2716 tum
388 2660 620 2738 quidem
647 2658 950 2716 incolumis
972 2659 1281 2716 exercitum
1313 2659 1612 2715 obsidione
1635 2658 1913 2718 liberavit.

231 2737 377 2797 Post
408 2740 719 2797 triennium
753 2745 962 2808 autem,
994 2758 1126 2795 cum
1165 2739 1361 2795 consul
1396 2747 1559 2811 esset,
1590 2738 1823 2796 devovit
1856 2758 1918 2796 se

196 2826 291 2892 ,et
332 2819 391 2875 in
434 2820 611 2875 aciem
653 2818 987 2875 Latinorum
1022 2818 1229 2892 irrupit
1269 2825 1535 2875 armatuS.
1621 2818 1750 2886 Quo
1794 2818 1919 2875 eius

231 2898 388 2954 facto
423 2899 672 2972 superati
702 2906 835 2954 sunt
863 2905 921 2953 et
950 2897 1123 2955 deleti
1152 2897 1358 2954 Latini.
1444 2898 1623 2954 Cuius
1650 2917 1805 2954 mors
1835 2898 1919 2955 ita

233 2973 482 3048 gloriosa
514 2973 644 3041 fuit,
670 2982 734 3030 ut
768 2976 1006 3032 eandem
1025 2978 1450 3052 concupisceret
1471 2976 1637 3035 filius.
1713 2977 1913 3035 XXV.

236 3058 328 3107 52.
374 3052 487 3108 Sed
518 3053 809 3108 veniamus
830 3073 998 3123 nunc,
1024 3056 1070 3110 si
1099 3056 1301 3131 placet,
1326 3057 1401 3113 ad
1422 3058 1646 3115 somnia
1665 3057 1918 3133 philoso-

234 3130 497 3202 phorum.
584 3130 686 3186 Est
714 3132 866 3205 apud
891 3132 1190 3189 Platonem
1223 3135 1499 3207 SocrateS‚
1525 3156 1657 3193 cum
1686 3144 1834 3195 esset
1856 3137 1918 3195 in
