2205 3431
582 109 719 157 Lm.
754 109 819 168 1.,
849 107 1445 169 CAP.Xv11.-XX.,§
1469 111 1646 158 45-53.
1897 112 1956 158 21

276 211 588 269 individuis
630 211 864 267 exsistat
905 217 964 267 et
1005 210 1080 267 ad
1122 230 1228 267 nos
1269 210 1501 281 adfiuat,
1533 219 1655 267 tum
1693 212 1959 268 maximis

276 291 668 368 voluptatibus
710 291 770 346 in
814 310 907 347 eas
948 291 1230 367 imagines
1264 300 1516 347 mentem
1560 292 1841 348 intentam
1876 292 1959 348 in-

273 371 560 448 fixamque
594 378 847 427 nostram
881 369 1332 446 intellegentiam
1368 391 1584 447 capere,
1618 391 1760 448 quae
1796 372 1870 428 sit
1900 380 1958 429 et

273 451 444 508 beata
484 458 686 508 natura
719 458 777 507 et
810 459 1052 508 aeterna.
1142 457 1233 508 50.
1270 450 1508 508 Summa
1543 471 1673 508 vero
1708 452 1793 508 vis
1834 452 1958 507 infi-

275 531 474 587 nitatis
510 539 567 587 et
600 549 809 606 magna
837 550 900 586 ac
931 530 1197 606 diligenti
1231 531 1716 607 contemplatione
1745 531 1958 607 dignis-

276 611 420 668 sima
453 618 555 681 est,
587 611 647 666 in
683 629 795 686 qua
827 609 1083 686 intellegi
1117 630 1344 668 necesse
1379 620 1465 668 est
1494 631 1619 669 eam
1648 631 1768 668 esse
1797 619 1958 668 natu-

276 710 414 761 ram,
445 699 511 747 ut
555 691 750 747 omnia
791 690 1058 747 omnibus
1091 690 1323 767 paribus
1365 692 1523 768 paria
1555 691 1953 767 respondeant.

276 770 444 827 Hanc
475 773 763 846 ἰσονομίαν
785 770 1034 846 appellat
1062 770 1359 847 EpicuruS‚
1385 771 1446 828 id
1474 779 1575 841 est,
1601 770 1956 847 aequabilem

276 850 668 908 tributionem.
754 850 841 906 Ex
871 850 975 907 hac
1003 850 1184 926 igitur
1212 850 1354 907 illud
1383 851 1640 920 efficitur,
1672 852 1720 907 si
1747 859 1955 908 morta-

276 929 417 987 lium
448 938 608 987 tanta
640 930 953 987 multitudo
990 931 1080 1000 sit,
1114 950 1233 988 esse
1266 931 1676 988 immortalium
1709 950 1825 987 non
1854 932 1958 987 mi-

278 1029 474 1067 norem
498 1018 571 1080 et,
593 1011 802 1087 siquae
825 1010 1159 1068 interimant
1180 1010 1618 1068 innumerabilia
1634 1011 1765 1081 sint,
1783 1012 1957 1068 etiam

277 1109 343 1147 ea
372 1109 515 1166 quae
544 1098 881 1147 conservent
909 1089 1135 1147 infinita
1162 1110 1282 1148 esse
1305 1090 1526 1148 debere.
1592 1091 1669 1148 Et
1692 1110 1957 1168 quaerere

276 1189 311 1225 a
341 1169 525 1240 nobiS‚
556 1169 754 1240 Balbe,
780 1169 973 1227 soletis
1003 1190 1147 1247 quae
1176 1171 1294 1227 vita
1322 1171 1560 1228 deorum
1595 1171 1670 1228 sit
1700 1190 1957 1247 quaeque

277 1249 348 1306 ab
394 1250 464 1306 iis
513 1250 755 1326 degatur
803 1258 972 1307 aetas
1071 1257 1164 1308 51.
1209 1250 1294 1308 Ea
1338 1250 1619 1321 videlicet,
1652 1270 1765 1327 qua
1812 1251 1957 1307 nihil

277 1328 514 1399 beatius,
547 1329 690 1385 nihil
722 1330 990 1387 omnibus
1017 1330 1187 1387 bonis
1215 1330 1560 1388 adfluentius
1589 1331 1959 1407 cogitaripo-

277 1416 405 1466 test.
491 1409 652 1466 Nihil
684 1410 838 1467 euim
867 1411 1005 1486 agit,
1036 1410 1208 1467 nullis
1238 1411 1711 1487 occupationibus
1740 1418 1827 1468 est
1857 1411 1959 1466 im-

278 1488 536 1565 plicatuS‚
560 1491 719 1546 nulla
747 1509 920 1566 opera
947 1489 1199 1560 molitur,
1224 1510 1325 1547 sua
1354 1491 1632 1567 sapientia
1660 1498 1718 1547 et
1746 1491 1957 1548 virtute

277 1569 505 1645 gaudet,
540 1569 712 1627 habet
761 1569 1121 1646 exploratum
1166 1571 1292 1627 fore
1342 1590 1400 1628 se
1450 1590 1675 1646 semper
1719 1590 1849 1627 cum
1895 1571 1955 1626 in

277 1649 543 1707 maximis
584 1658 710 1707 tum
755 1650 815 1706 in
859 1650 1104 1707 aeternis
1146 1649 1551 1728 voluptatibus.
1638 1650 1773 1707 XX.
1862 1657 1953 1707 52.

278 1729 452 1787 Hunc
482 1731 653 1788 deum
689 1732 795 1788 rite
825 1731 1056 1788 beat-um
1087 1732 1415 1801 dixerimuS‚
1441 1738 1692 1789 vestrum
1721 1751 1853 1788 vero
1884 1732 1958 1787 la-

278 1809 747 1868 boriosissimum.
834 1810 966 1868 Sive
1010 1812 1161 1868 enim
1211 1812 1333 1888 ipse
1377 1811 1627 1869 mundus
1670 1812 1810 1869 deus
1852 1820 1953 1880 est,

279 1890 417 1966 quid
451 1898 644 1966 potest
677 1910 797 1948 esse
829 1892 1021 1948 minus
1051 1892 1309 1967 quietum
1342 1911 1512 1968 quam
1547 1892 1704 1949 nullo
1739 1900 1956 1968 puncto

276 1971 554 2045 temporis
581 1971 906 2028 intermisso
936 1972 1146 2028 versari
1175 1972 1387 2028 circum
1417 1991 1580 2028 axem
1611 1971 1751 2029 caeli
1779 1972 1958 2029 admi-

277 2049 438 2106 rabili
470 2049 795 2108 celeritatess
877 2049 1006 2107 Nisi
1036 2051 1295 2127 quietum
1326 2060 1518 2108 autem
1549 2051 1693 2108 nihil
1722 2051 1956 2109 beatum

277 2137 378 2200 est,
411 2130 528 2186 sive
564 2130 623 2187 in
658 2131 787 2207 ipso
815 2130 1033 2187 mundo
1064 2131 1205 2188 deus
1239 2131 1388 2188 inest
1415 2130 1621 2208 aliquis
1651 2132 1749 2208 qui
1777 2140 1953 2208 regat,

279 2210 377 2287 qui
409 2209 708 2287 gubernet,
741 2210 840 2287 qui
874 2230 1069 2267 cursus
1102 2218 1403 2281 astrorum,
1434 2212 1784 2269 mutationes
1816 2220 1958 2268 tem-

276 2309 500 2367 porum,
538 2309 724 2346 rerum
775 2290 1196 2348 vicissitudines
1252 2291 1592 2368 ordinesque
1642 2300 1952 2362 conservet,

277 2378 453 2427 terras
487 2377 545 2426 et
577 2370 757 2426 maria
784 2370 1180 2463 contemplans
1212 2370 1514 2429 hominum
1546 2372 1852 2429 commoda
1880 2373 1958 2428 vi·
2093 2441 2104 2450 κ

276 2457 477 2527 tasque
505 2458 748 2520 tueatur,
781 2470 851 2507 ne
885 2449 979 2507 ille
1014 2458 1099 2507 est
1133 2450 1463 2527 implicatus
1495 2452 1752 2509 molestis
1786 2471 1956 2528 nego·
2003 2467 2012 2482 ¹

275 2530 372 2586 tiis
414 2537 474 2586 et
515 2530 802 2606 operosis!
888 2537 980 2588 53.
1018 2530 1143 2596 Nos
1181 2539 1374 2588 autem
1411 2531 1640 2588 beatam
1673 2500 1894 2588 vitame
1894 2532 1955 2588 in

274 2609 453 2666 animi
495 2610 797 2667 securitate
831 2618 889 2667 et
927 2611 985 2667 in
1021 2611 1282 2668 omnium
1316 2612 1611 2669 vacatione
1652 2630 1955 2668 munerum

274 2689 559 2765 ponimus,
644 2689 864 2746 Docuit
892 2690 1047 2747 enim
1074 2710 1183 2747 nos
1209 2691 1364 2748 idem
1396 2692 1492 2768 qui
1522 2698 1723 2760 cetera,
1754 2699 1958 2748 natura

275 2769 546 2826 effectum
588 2789 708 2827 esse
758 2770 1076 2827 mundum:
1126 2770 1270 2827 nihil
1314 2791 1460 2847 opus
1500 2771 1678 2827 fuisse
1720 2771 1952 2842 fabrica,

274 2856 506 2926 tamque
536 2868 660 2906 eam
684 2869 801 2907 rem
833 2870 954 2907 esse
975 2849 1221 2921 facilem,
1244 2870 1413 2927 quam
1438 2871 1539 2907 vos
1567 2850 1713 2908 effici
1734 2852 1957 2928 negatis

275 2928 396 2986 sine
439 2929 634 2986 divina
675 2949 842 3006 posse
885 2930 1151 3000 sollertia,
1183 2937 1248 2987 ut
1282 2931 1721 2988 innumerabiles
1755 2941 1957 2988 natura

273 3009 524 3066 mundos
567 3011 839 3067 effectura
881 3010 970 3080 sit,
998 3009 1222 3079 efficiat,
1255 3011 1521 3068 effecerit.
1608 3010 1781 3078 Quod
1824 3012 1957 3086 quia

275 3108 447 3165 quem
490 3089 564 3146 ad
605 3090 844 3146 modum
887 3097 1090 3146 natura
1133 3089 1352 3145 efficere
1386 3090 1506 3145 sine
1541 3090 1732 3164 aliqua
1763 3097 1955 3144 mente

276 3169 457 3245 possit
499 3189 615 3226 non
652 3170 875 3240 videtis,
899 3177 962 3225 ut
1003 3169 1206 3244 tragici
1248 3175 1471 3242 poetae,
1503 3187 1632 3222 cum
1677 3167 1955 3240 explicare

430 3249 461 3292 3
