2205 3431
595 123 1921 188 L113.11.‚CAP.1X.-X1.,§22-27.205

235 227 447 282 donem
477 225 658 282 filium
687 247 721 283 a
748 234 933 283 morte
962 234 1161 283 contra
1187 226 1375 282 fatum
1405 227 1620 302 eripere
1649 247 1765 284 non
1796 249 1921 305 pos

234 313 337 362 set.
424 304 556 362 Hoc
590 305 744 362 idem
787 304 1069 382 significat
1110 305 1359 362 Graecus
1392 305 1487 362 ille
1528 305 1590 362 in
1632 326 1756 364 eam
1801 329 1921 366 sen-

235 385 477 442 tentiam
505 403 728 442 versus:

317 505 464 566 Quod
486 513 616 554 sorte
640 515 866 568 paratum
892 515 982 566 est,
1001 506 1053 554 id
1078 521 1330 554 summum
1354 514 1619 569 exsuperat
1641 507 1831 558 Iovem.

233 622 447 680 Totum
471 622 708 679 omnino
731 623 917 679 fatum
942 623 1114 680 etiam
1133 621 1423 680 Atellanio
1446 642 1609 680 versu
1631 623 1753 681 iure
1773 625 1919 682 mihi

233 722 354 759 esse
383 702 610 758 irrisum
632 703 872 772 videtur,
898 703 998 759 sed
1018 702 1079 758 in
1109 702 1276 759 rebus
1304 709 1424 759 tam
1453 703 1659 759 severis
1686 723 1801 761 non
1834 713 1919 763 est

233 781 462 839 iocandi
497 780 670 838 locuS.
756 781 1147 839 Concludatur
1188 782 1368 858 igitur
1410 782 1569 839 rati0.
1656 782 1719 840 Si
1762 785 1916 841 enim

232 860 521 937 provideri
547 861 691 917 nihil
719 868 911 937 potest
938 862 1201 919 futurum
1230 881 1349 918 6886
1378 880 1591 932 eorum,
1614 882 1757 938 quae
1785 883 1919 922 casu

232 940 396 1011 fiunt,
418 941 550 1017 quia
579 959 698 998 esse
726 949 879 998 certa
905 961 1022 997 non
1044 948 1301 1017 possunt,
1328 941 1607 998 divinatio
1636 942 1792 1000 nulla
1813 951 1914 1002 est.

231 1020 336 1077 Sin
371 1027 562 1076 autem
590 1020 803 1077 idcirco
833 1028 1075 1097 possunt
1101 1021 1405 1096 provideri,
1432 1021 1566 1097 quia
1599 1029 1752 1079 certa
1784 1031 1918 1081 sunt

233 1107 293 1156 et
319 1099 533 1170 fatalia,
564 1119 755 1157 rursus
789 1100 1067 1156 divinatio
1110 1100 1267 1156 nulla
1299 1106 1399 1157 est.
1485 1100 1629 1156 Eam
1664 1103 1818 1159 enim
1852 1110 1915 1160 tu

230 1179 601 1236 fortuitarum
633 1199 816 1236 rerum
849 1199 967 1236 6886
996 1179 1242 1237 dicebas,
1303 1184 1394 1236 26.
1433 1179 1548 1236 Sed
1575 1180 1715 1237 hacc
1743 1182 1918 1240 fuerit

232 1259 399 1316 nobis
433 1266 726 1336 tamquam
761 1259 898 1316 levis
940 1268 1255 1316 armaturae
1290 1260 1476 1335 prima
1517 1260 1793 1317 orationis
1827 1282 1917 1318 ex-

230 1339 452 1396 cursio:
505 1358 656 1396 nunc
700 1341 1022 1396 comminus
1066 1358 1303 1414 agamus
1348 1338 1832 1416 experiamurque,
1869 1343 1917 1399 si

229 1419 517 1496 possimus
545 1439 758 1476 cornua
785 1438 1144 1476 commovere
1173 1419 1578 1494 disputationis
1607 1426 1754 1476 tuae.

310 1499 417 1556 XI.
476 1499 611 1556 Duo
667 1499 821 1556 enim
876 1518 1085 1574 genera
1141 1498 1438 1556 divinandi
1492 1518 1612 1556 esse
1669 1499 1912 1572 dicebaS,

227 1599 411 1636 unum
467 1578 851 1649 artificiosum,
903 1579 1146 1636 alterum
1200 1578 1488 1635 naturale:
1546 1578 1914 1636 artificiosum

229 1667 490 1718 constare
534 1660 744 1737 partim
793 1679 863 1717 ex
911 1659 1253 1731 coniectura,
1289 1659 1500 1735 partim
1546 1679 1615 1717 ex
1660 1659 1917 1718 observa-

227 1741 388 1798 tione
423 1740 723 1797 diuturna:
767 1740 1038 1811 naturale,
1065 1740 1220 1816 quod
1250 1740 1475 1796 animus
1504 1740 1789 1817 adriperet
1816 1748 1916 1798 aut

228 1821 516 1896 exciperet
549 1820 896 1877 extrinsecus
929 1839 997 1877 ex
1033 1820 1349 1890 divinitate,
1381 1819 1533 1876 unde
1569 1840 1767 1877 omnes
1799 1821 1917 1877 ani-

227 1919 357 1956 mos
406 1900 640 1957 haustos
695 1907 795 1956 aut
843 1906 1108 1976 acceptos
1156 1906 1256 1956 aut
1303 1898 1510 1956 libatos
1557 1899 1910 1958 haberemuS.

229 1979 592 2036 Artificiosae
621 1979 992 2036 divinationis
1020 1978 1118 2035 illa
1144 1979 1265 2036 fere
1292 1998 1501 2053 genera
1528 1980 1798 2055 ponebaS,
1824 2001 1915 2038 ex-

228 2059 502 2135 tispicum
548 2078 875 2136 eorumque,
922 2059 1021 2135 qui
1069 2078 1138 2115 ex
1187 2058 1512 2134 fulguribus
1561 2061 1914 2136 ostentisque

228 2139 634 2215 praedicerent,
659 2146 784 2196 tum
814 2157 1093 2215 augurum
1124 2157 1450 2214 eorumque,
1477 2139 1574 2214 qui
1604 2140 1781 2215 signis
1815 2147 1915 2197 aut

230 2218 520 2275 ominibus
553 2226 862 2287 uterentur,
901 2237 1184 2294 omneque
1216 2237 1397 2294 genus
1430 2218 1808 2275 coniecturale
1852 2220 1912 2275 iu

227 2297 341 2355 hoc
369 2299 489 2355 fere
518 2317 724 2374 genere
753 2297 1021 2375 ponebas,
1109 2297 1201 2354 27.
1248 2296 1399 2353 Illud
1432 2303 1623 2353 autem
1656 2298 1913 2355 naturale

228 2384 330 2434 aut
358 2378 741 2435 concitatione
774 2378 983 2434 mentis
1017 2377 1112 2434 edi
1140 2384 1198 2433 et
1227 2376 1386 2453 quasi
1416 2376 1586 2433 fundi
1614 2376 1913 2450 videbatur

228 2464 329 2513 aut
363 2458 555 2513 animo
583 2477 685 2533 per
719 2476 983 2514 somnum
1019 2456 1278 2513 sensibus
1312 2463 1370 2512 et
1403 2456 1551 2512 curis
1582 2475 1758 2513 vacuo
1786 2476 1915 2533 pro-

228 2536 424 2593 videri.
486 2536 720 2594 Duxisti
748 2545 939 2593 autem
968 2536 1379 2593 divinationem
1410 2554 1639 2593 omnem
1670 2555 1703 2592 a
1730 2536 1914 2592 tribus

228 2615 412 2685 rebuS,
445 2635 479 2672 a
511 2616 636 2686 dee,
667 2636 702 2672 a
732 2615 873 2686 fato,
905 2636 939 2672 a
970 2623 1188 2673 natura.
1274 2614 1389 2672 Sed
1421 2621 1615 2672 tamen
1649 2634 1781 2672 cum
1824 2635 1915 2671 ex-

227 2694 437 2771 plicare
465 2695 608 2752 nihil
631 2715 842 2771 posseS,
867 2696 1140 2772 pugnasti
1168 2695 1702 2752 commenticiorum
1730 2714 1915 2751 exem-

227 2774 455 2851 plorum
501 2774 741 2832 mirifica
783 2775 963 2850 copia.
1048 2774 1141 2831 De
1188 2794 1301 2851 quo
1343 2775 1594 2851 primum
1629 2774 1740 2831 hoc
1775 2773 1914 2831 libet

229 2854 431 2911 dicere.
517 2854 649 2911 Hoc
678 2873 786 2931 ego
814 2854 1147 2930 philosophi
1174 2874 1292 2910 non
1326 2873 1445 2910 esse
1474 2854 1733 2925 arbitror,
1758 2854 1914 2912 testi-

225 2933 336 2988 bus
379 2934 480 3003 uti,
513 2934 612 3009 qui
653 2943 752 2989 aut
780 2952 911 2990 casu
946 2934 1063 2989 veri
1108 2940 1207 2990 aut
1249 2932 1470 2989 malitia
1509 2933 1641 2990 falsi
1680 2932 1913 3010 fictique

227 3032 349 3069 esse
383 3020 654 3088 possunt.
700 3013 1051 3088 argumentis
1092 3020 1152 3069 et
1185 3012 1501 3069 rationibus
1539 3020 1768 3090 oportet
1802 3034 1912 3089 qua

225 3112 287 3149 re
318 3093 569 3169 quidque
597 3094 678 3148 ita
707 3093 781 3148 sit
811 3092 1027 3165 docere,
1054 3112 1171 3148 non
1202 3092 1433 3162 eventiS,
1461 3092 1530 3149 iis
1559 3095 1911 3170 praesertim,

226 3171 437 3249 quibus
463 3172 608 3228 mihi
637 3171 802 3227 liceat
832 3192 946 3228 non
977 3171 1218 3228 credere.

417 3252 476 3296 17
