2205 3431
238 123 335 170 224
760 120 860 167 DE
892 119 1394 169 DIVINATIONE.

238 222 474 279 sublata.
544 222 621 278 Et
643 221 876 298 quidem
898 220 992 277 ille
1020 220 1263 291 dicebat,
1284 221 1333 277 si
1356 221 1586 296 quando
1616 240 1735 278 rem
1757 240 1926 298 agere

237 301 421 372 vellet,
448 321 519 358 ne
553 300 927 376 impediretur
959 299 1244 375 auspiciiS,
1271 300 1471 357 lectica
1504 306 1704 377 operta
1735 301 1926 359 facere

237 381 346 437 iter
388 400 446 437 se
490 379 682 436 solere.
775 379 930 436 Huic
972 379 1158 436 simile
1200 387 1303 450 est,
1336 379 1493 456 quod
1534 399 1641 436 nos
1681 399 1927 457 augures

236 459 634 536 praecipimuS,
656 478 727 516 ne
755 459 889 536 iuge
917 459 1235 535 auspicium
1266 459 1551 530 obveniat,
1572 466 1639 517 ut
1667 459 1928 517 iumenta

235 539 474 597 iubeant
501 539 813 630 diiungere.
901 540 991 595 78.
1039 538 1193 606 Quid
1224 546 1310 596 est
1336 539 1494 596 aliud
1521 538 1672 597 nolle
1700 541 1927 597 moneri

235 639 270 676 a
302 619 439 676 Iove
480 619 591 675 nisi
633 618 852 675 efficere
893 625 959 674 ut
991 628 1091 675 aut
1124 638 1197 676 ne
1230 618 1352 676 fieri
1386 620 1570 695 possit
1602 620 1925 696 auspicium

234 706 350 768 aut,
377 699 424 754 si
452 698 568 767 fiat,
588 688 806 755 videri?

315 742 637 836 XXXVII.
675 777 825 834 Nam
868 777 1011 833 illud
1053 741 1367 835 admodum
1410 779 1731 850 ridiculum,
1764 779 1926 855 quod

236 877 411 948 negas
451 857 793 914 Deiotarum
843 858 1246 934 auspiciorum,
1280 878 1423 935 quae
1472 858 1582 915 sibi
1630 859 1705 916 ad
1751 859 1927 916 Pom-

235 938 429 1013 peium
465 936 849 1013 proficiscenti
881 938 1037 994 facta
1071 938 1204 1006 sint,
1228 939 1537 1014 poenitere,
1566 938 1722 1016 quod
1747 938 1926 996 fidem

237 1023 463 1074 secutus
490 1017 918 1094 amicitiamque
945 1017 1149 1094 populi
1171 1017 1421 1075 Romani
1446 1017 1681 1075 functus
1710 1019 1786 1075 sit
1806 1018 1929 1075 offi-

236 1097 361 1154 cio:
405 1096 786 1173 antiquiorem
810 1098 962 1154 enim
993 1097 1104 1154 sibi
1132 1097 1310 1155 fuisse
1338 1098 1565 1155 laudem
1595 1107 1654 1155 et
1680 1098 1926 1175 gloriam

237 1197 409 1253 quam
452 1196 691 1254 regnum
734 1185 793 1234 et
827 1178 1212 1254 possessiones
1254 1197 1398 1235 suas.
1484 1177 1672 1235 Credo
1706 1178 1769 1234 id
1803 1179 1927 1254 qui-

237 1258 386 1328 dem,
412 1257 512 1314 sed
546 1257 689 1314 nihil
725 1258 798 1314 ad
826 1258 1092 1334 auspicia.
1180 1257 1237 1313 N
1239 1277 1302 1314 ec
1336 1259 1491 1315 enim
1526 1259 1578 1314 ei
1607 1257 1805 1315 cornix
1839 1277 1929 1314 ca·

236 1356 369 1394 nere
403 1337 596 1414 potuit
639 1345 791 1395 recte
836 1357 967 1394 eum
1009 1338 1213 1409 facere,
1247 1338 1403 1414 quod
1437 1338 1640 1414 populi
1673 1337 1926 1395 Romani

238 1417 558 1475 libertatem
582 1418 888 1475 defendere
910 1425 1151 1495 pararet.
1220 1417 1351 1494 Ipse
1373 1417 1484 1475 hoc
1507 1417 1803 1488 sentiebat,
1822 1418 1928 1474 sic-

237 1497 324 1554 uti
359 1498 552 1555 sensit.
640 1499 732 1555 79.
767 1498 925 1555 Aves
958 1505 1195 1554 eventus
1230 1497 1557 1574 significant
1594 1504 1694 1555 aut
1731 1498 1927 1554 adver-

238 1597 331 1633 sos
359 1585 459 1634 aut
487 1577 798 1635 secundos:
842 1577 1071 1634 virtutis
1098 1577 1369 1653 auspiciis
1399 1577 1565 1634 video
1600 1597 1721 1635 esse
1754 1596 1926 1633 usum

236 1657 593 1730 Deiotarum,
620 1677 764 1736 quae
793 1664 947 1714 vetat
976 1665 1231 1734 spectare
1258 1657 1571 1728 fortunam,
1597 1657 1734 1713 dum
1766 1676 1928 1734 prae-

239 1744 420 1795 stetur
451 1738 608 1795 fides.
694 1738 848 1795 Aves
876 1757 1027 1809 ver0,
1054 1738 1102 1794 si
1131 1757 1433 1814 prosperos
1467 1745 1703 1795 eventus
1736 1745 1927 1795 osten-

238 1818 461 1889 derunt,
487 1825 637 1875 certe
666 1818 1010 1875 fefellerunt.
1084 1818 1258 1894 Fugit
1286 1837 1317 1875 e
1344 1817 1563 1895 proelio
1592 1837 1724 1875 cum
1753 1818 1928 1875 Pom-

236 1898 385 1974 pei0.
470 1897 655 1954 Grave
695 1905 940 1974 tempus,
1032 1897 1313 1954 Discessit
1353 1898 1425 1954 ab
1467 1917 1552 1955 ec.
1639 1897 1930 1955 Luctuosa

238 1998 341 2034 reS.
426 1977 725 2034 Caesarem
759 1978 962 2034 eodem
991 1983 1253 2053 tempore
1285 1977 1509 2035 hostem
1547 1984 1605 2035 et
1632 1977 1925 2054 hospitem

237 2058 398 2114 vidit.
484 2056 638 2125 Quid
677 2057 787 2114 hoc
828 2057 1086 2115 tristius?
1169 2057 1226 2114 Is
1268 2076 1397 2114 cum
1442 2058 1496 2114 ei
1536 2057 1926 2134 Trogmorum

236 2137 599 2195 tetrarchiam
648 2138 948 2214 eripuisset
991 2144 1051 2194 et
1082 2136 1377 2194 adseculae
1420 2156 1523 2193 suo
1565 2137 1927 2214 Pergameno

236 2218 429 2275 nescio
471 2217 564 2274 cui
598 2216 849 2274 dedisset
882 2217 1184 2294 eidemque
1217 2216 1555 2275 detraxisset
1588 2217 1928 2274 Armeniam

236 2318 271 2354 a
300 2305 496 2355 senatu
528 2297 722 2354 datam
756 2316 1001 2373 cumque
1030 2296 1101 2353 ab
1129 2316 1200 2354 eo
1227 2296 1796 2372 magnificentissimo
1826 2296 1930 2353 ho-

237 2379 412 2455 spitio
447 2384 713 2454 acceptus
747 2385 909 2448 esset,
935 2377 1245 2453 spoliatum
1279 2376 1511 2454 reliquit
1544 2384 1602 2434 et
1633 2377 1929 2452 hospitem

237 2466 296 2515 et
323 2476 532 2535 regem.
618 2457 734 2514 Sed
761 2457 922 2514 labor
948 2457 1207 2533 longius:
1250 2458 1326 2514 ad
1353 2458 1715 2533 propositum
1743 2475 1928 2513 rever-

237 2548 339 2595 tar.
425 2537 488 2594 Si
516 2543 720 2594 eventa
754 2537 1092 2614 quaerimuS,
1120 2556 1264 2614 quae
1298 2538 1673 2613 exquiruntur
1705 2535 1927 2607 avibus,

238 2617 395 2674 nullo
430 2617 605 2674 modo
639 2636 912 2693 prospera
942 2616 1255 2673 Deiotaro:
1300 2616 1387 2673 sin
1422 2615 1624 2685 officia,
1650 2635 1683 2672 a
1711 2615 1927 2673 virtute

236 2698 433 2773 ipsiuS,
454 2716 571 2754 non
594 2696 666 2754 ab
688 2697 956 2773 auspiciis
976 2697 1161 2772 petita
1188 2703 1337 2753 sunt.
1405 2694 1757 2753 XXXVIII.
1826 2701 1924 2754 80.

237 2776 460 2835 Omitte
494 2777 672 2853 igitur
712 2776 922 2833 lituum
955 2776 1207 2847 Romuli,
1234 2795 1401 2852 quem
1442 2776 1503 2831 in
1544 2775 1797 2832 maximo
1840 2775 1928 2831 in-

237 2857 441 2917 cendio
489 2875 664 2931 negas
712 2856 969 2932 potuisse
1017 2856 1315 2913 comburi:
1379 2862 1684 2912 contemne
1732 2861 1929 2912 cotem

238 2934 370 2990 Atti
409 2933 595 2990 Navii.
681 2934 841 2991 Nihil
880 2934 1052 2992 debet
1093 2954 1214 2992 csse
1263 2936 1323 2991 in
1365 2934 1732 3011 philosophia
1772 2952 1932 2991 com-

239 3012 525 3068 menticiis
556 3011 781 3068 fabellis
813 3013 940 3070 loci.
1026 3013 1179 3071 Illud
1219 3022 1340 3072 erat
1371 3014 1720 3090 philosophi,
1744 3014 1931 3071 totius

239 3090 463 3165 augurii
491 3090 740 3164 primum
769 3099 1030 3148 naturam
1062 3093 1243 3167 ipsam
1268 3094 1476 3164 videre,
1497 3093 1705 3150 deinde
1733 3094 1932 3151 inven-

240 3169 476 3236 tionem,
498 3168 706 3223 deinde
734 3171 1130 3228 constantiam.
1216 3171 1374 3240 Quae
1403 3181 1489 3229 est
1518 3173 1695 3248 igitur
1723 3181 1932 3232 natura
