2205 3431
177 93 240 139 16
623 91 723 139 DE
757 90 1057 140 NATURA
1088 90 1408 140 DEORUM.

176 190 369 248 Solem
404 191 682 266 adiungit,
709 198 1081 267 octavamque
1118 190 1355 262 Lunam,
1388 190 1488 267 qui
1531 209 1645 267 quo
1688 209 1854 247 sensu

174 270 328 327 beati
371 290 490 328 esse
531 271 757 347 possint
786 270 1041 345 intellegi
1083 289 1199 326 non
1232 277 1439 347 potest.
1525 270 1614 326 Ex
1655 270 1856 327 eadem

175 349 436 407 Platonis
464 350 659 406 schola
686 350 964 421 Ponticus
991 350 1325 411 Heraclides
1353 349 1668 426 puerilibus
1694 349 1858 407 fabu-

174 430 245 486 lis
286 430 512 487 refersit
552 429 743 501 libros,
770 437 828 487 et
868 436 993 487 tum
1029 473 1042 486 .
1075 473 1088 487 .
1122 472 1135 487 .
1172 430 1349 486 modo
1392 429 1692 500 mundum,
1729 437 1853 487 tum

173 517 427 567 mentem
461 509 714 566 divinam
749 528 870 566 esse
902 516 1086 586 putat,
1111 509 1430 566 errantibus
1463 510 1637 566 etiam
1679 509 1857 566 stellis

174 589 535 646 divinitatem
556 589 761 646 tribuit
789 608 1068 665 sensuque
1098 589 1269 645 deum
1291 589 1479 665 privat
1508 597 1566 647 et
1594 590 1715 646 eius
1743 590 1857 646 for-

173 689 327 726 mam
361 667 699 726 mutabilem
734 687 854 725 esse
882 668 1022 738 vult,
1047 668 1366 745 eodemque
1393 669 1453 725 in
1483 669 1629 726 libro
1662 688 1856 726 rursus

172 758 383 806 terram
412 755 470 805 et
498 747 716 805 caelum
750 748 928 805 refert
953 748 1014 804 in
1043 748 1197 805 deos,
1269 755 1361 805 35.
1399 749 1521 806 Nec
1548 768 1682 806 vero
1710 748 1856 805 The-

175 828 432 905 ophrasti
460 828 845 884 inconstantia
871 828 1109 884 ferenda
1136 834 1254 885 est:
1290 828 1468 885 modo
1497 829 1650 886 enim
1672 829 1856 886 menti

173 908 432 965 divinum
462 906 666 965 tribuit
687 907 1090 984 principatum,
1116 908 1290 964 modo
1314 908 1485 979 caelo,
1506 916 1632 965 tum
1662 916 1855 966 autem

174 988 352 1063 signis
380 987 770 1065 sideribusque
799 987 1151 1045 caelestibus,
1237 988 1359 1045 Nec
1389 989 1705 1046 audiendus
1733 989 1856 1045 eius

173 1068 401 1124 auditor
422 1067 630 1138 StratO,
656 1068 706 1124 is
729 1068 826 1144 qui
849 1067 1121 1144 physicus
1147 1068 1479 1144 appellatur,
1502 1069 1600 1145 qui
1623 1087 1854 1126 omnem

174 1148 290 1203 vim
314 1147 566 1204 divinam
591 1148 649 1203 in
679 1155 884 1204 natura
911 1148 1079 1204 sitam
1110 1167 1230 1204 esse
1260 1155 1468 1219 censet,
1494 1168 1638 1224 quae
1660 1167 1856 1205 causas

172 1227 466 1303 gignendi,
492 1227 755 1304 augendi,
780 1227 1078 1284 minuendi
1099 1226 1323 1296 habeat,
1350 1228 1449 1284 sed
1479 1235 1668 1285 careat
1696 1228 1856 1284 omni

175 1327 340 1365 sensu
376 1314 435 1365 et
467 1306 663 1382 figura.
680 1307 914 1367 xsXIV.
987 1313 1079 1365 36.
1118 1307 1270 1364 Zeno
1300 1316 1508 1378 autem,
1534 1315 1600 1365 ut
1631 1309 1747 1365 iam
1782 1307 1856 1364 ad

173 1394 406 1458 vestrOS,
431 1386 628 1458 Balbe,
649 1387 891 1458 veniam,
911 1387 1228 1445 naturalem
1250 1388 1434 1464 legem
1457 1388 1711 1444 divinam
1735 1407 1856 1444 csse

173 1475 367 1524 censet
407 1487 646 1544 eamque
676 1467 794 1524 vim
831 1467 1090 1525 obtinere
1134 1475 1288 1524 recta
1320 1468 1700 1544 imperantem
1729 1486 1858 1544 pro-

173 1547 584 1624 hibentemque
613 1548 909 1604 contraria.
995 1547 1180 1616 Quam
1211 1548 1397 1623 legem
1427 1567 1541 1624 quo
1570 1548 1745 1604 modo
1776 1548 1857 1604 ef-

173 1626 332 1685 ficiat
359 1629 708 1685 animantem
741 1627 1071 1703 intellegere
1106 1646 1221 1683 non
1258 1647 1577 1703 possumus,
1662 1628 1855 1685 Deum

174 1715 367 1766 autem
409 1709 758 1765 animantem
803 1714 954 1764 certe
996 1706 1261 1764 volumus
1303 1727 1437 1765 esse.
1525 1708 1719 1785 Atque
1761 1707 1856 1765 hie

174 1789 330 1845 idem
359 1788 470 1845 alio
500 1789 626 1845 loco
656 1788 885 1844 aethera
914 1788 1087 1844 deum
1117 1787 1275 1858 dicit,
1301 1789 1348 1844 si
1377 1788 1633 1864 intellegi
1663 1795 1859 1864 potest

174 1868 319 1925 nihil
355 1868 604 1925 sentiens
638 1867 793 1937 deuS‚
817 1868 915 1943 qui
948 1886 1242 1943 nunquam
1276 1868 1445 1924 nobis
1478 1869 1724 1925 occurrit
1763 1887 1859 1926 ne-

177 1968 286 2025 que
307 1949 367 2004 in
389 1947 651 2024 precibus
674 1966 856 2024 neque
878 1947 937 2003 in
962 1947 1175 2022 optatis
1196 1966 1381 2023 neque
1403 1948 1462 2004 in
1484 1948 1649 2006 votis·
1706 1948 1857 2006 Aliis

175 2037 368 2086 autem
402 2027 561 2084 libris
603 2027 882 2084 rationem
925 2027 1211 2104 quandam
1244 2046 1348 2102 per
1390 2027 1648 2083 omnium
1691 2035 1852 2085 natu-

175 2128 296 2165 ram
333 2127 517 2164 rerum
552 2107 933 2183 pertinentem
963 2106 1018 2162 vi
1048 2105 1243 2162 divina
1276 2124 1396 2162 esse
1429 2105 1713 2162 adfectam
1757 2123 1859 2181 pu-

175 2196 277 2246 tat.
351 2187 512 2244 Idem
543 2187 708 2243 astris
736 2186 845 2242 hoc
874 2185 1026 2242 idem
1050 2185 1270 2255 tribuit,
1295 2192 1421 2242 tum
1450 2185 1629 2254 anniS,
1652 2186 1858 2241 mensi-

178 2268 284 2325 bus
318 2286 711 2342 annorumque
746 2265 1178 2323 mutationibus,
1264 2265 1414 2322 Cum
1442 2285 1577 2322 vero
1611 2265 1857 2322 Hesiodi

177 2347 548 2424 theogoniam
580 2341 667 2419 [id
695 2353 796 2416 est,
820 2346 1099 2423 originem
1135 2343 1399 2422 deorum]
1431 2345 1853 2422 interpretatur,

177 2427 332 2486 tollit
361 2427 598 2483 omnino
632 2426 869 2483 usitatas
896 2433 1309 2503 perceptasque
1337 2426 1699 2502 cognitiones
1726 2425 1859 2482 deo-

177 2528 321 2565 rum.
412 2506 615 2584 Neque
664 2506 819 2562 enim
864 2505 1060 2563 Iovem
1110 2525 1294 2583 neque
1344 2506 1625 2563 Iunonem
1673 2524 1858 2581 neque

178 2588 418 2646 Vestam
447 2606 632 2664 neque
662 2604 1025 2663 quemquam,
1048 2586 1148 2662 qui
1174 2586 1257 2643 ita
1284 2585 1615 2662 appellatur,
1636 2585 1696 2641 in
1726 2584 1858 2641 deo-

177 2688 307 2725 rnm
340 2666 513 2724 habet
546 2685 802 2735 numerO,
836 2667 937 2723 sed
969 2666 1138 2723 rebus
1170 2666 1441 2722 inanimis
1482 2673 1653 2742 atque
1681 2666 1859 2722 mutis

181 2763 283 2820 per
316 2744 601 2818 quandam
652 2745 1129 2823 significationem
1153 2746 1291 2802 haec
1320 2746 1489 2802 docet
1518 2745 1734 2802 tributa
1760 2764 1859 2802 no-

179 2831 351 2883 mina.
423 2826 513 2883 37.
552 2825 729 2882 Cuius
751 2826 1015 2903 discipuli
1037 2825 1326 2882 Aristonis
1348 2845 1465 2881 non
1487 2825 1678 2881 minus
1706 2844 1861 2902 mag-

180 2927 257 2963 no
287 2907 344 2963 in
376 2924 561 2962 errore
596 2906 879 2962 sententia
906 2913 1007 2976 est,
1030 2906 1130 2982 qui
1163 2925 1346 2982 neque
1380 2906 1627 2962 formam
1658 2905 1750 2962 dei
1779 2906 1861 2961 in-

179 2986 374 3062 tellegi
403 3005 569 3062 posse
603 2993 828 3043 censeat
860 3005 1044 3061 neque
1073 2986 1134 3041 in
1170 2985 1258 3041 dis
1292 3005 1517 3041 sensum
1554 3004 1673 3042 esse
1707 2985 1860 3042 dieat

182 3066 520 3142 dubitetque
556 3066 791 3122 omnino
827 3065 966 3121 deus
995 3065 1254 3122 animans
1282 3084 1459 3121 necne
1489 3065 1578 3122 sit.
1663 3065 1860 3121 Clean-

181 3146 310 3204 thes
347 3153 556 3217 autem,
575 3145 673 3219 qui
707 3144 993 3202 Zenonem
1029 3145 1250 3201 audivit
1282 3164 1396 3201 una
1423 3164 1553 3201 cum
1584 3164 1668 3215 cO,
1690 3164 1860 3219 quem
