2205 3431
205 106 270 153 86
654 103 753 152 DE
785 105 1084 155 NATURA
1116 105 1434 157 DEORUM.

206 214 313 263 tac.
382 204 666 263 Minorem
690 212 881 263 autem
903 203 1388 283 Septemtrionem
1419 206 1685 298 Cepheus
1706 211 1884 286 passis

205 285 411 361 palmis
439 304 473 342 a
500 291 662 362 tergo
685 286 1063 364 subsequitur.

333 414 597 479 Namque
584 431 746 479 ipsum
773 416 837 465 ad
861 425 1055 476 tergum
1079 416 1367 480 Cynosurae
1390 417 1597 465 vertitur
1618 416 1779 468 Arcti.

203 531 380 590 Hunc
409 532 696 590 antecedit

335 642 559 692 Obscura
579 644 739 705 specie
762 644 1011 693 stellarum
1038 643 1305 707 Cassiepia.

332 709 482 757 Hanc
505 719 671 756 autem
688 708 865 757 illustri
887 718 1112 757 versatur
1134 724 1336 772 corpore
1360 718 1558 772 propter

332 773 670 833 Andromeda,
691 774 803 833 heu,
823 774 1015 834 fugiens
1043 784 1298 836 aspectum
1321 785 1513 822 maesta
1535 776 1751 836 parentis

332 838 467 886 Huic
489 839 660 901 Equus
683 839 765 887 ille
787 838 954 886 iubam
978 840 1206 901 quatiens
1224 840 1414 899 fulgore
1437 841 1657 901 micanti,

332 903 594 951 Summum
617 904 858 964 contingit
877 916 1024 966 caput
1046 903 1157 952 alvo
1181 904 1416 967 stellaque
1437 905 1645 965 iungens

330 968 448 1016 Una
470 977 604 1017 tenet
630 969 848 1031 duplices
870 970 1119 1017 communi
1144 969 1326 1018 lumine
1347 970 1550 1031 formas,

328 1035 605 1082 Aeternum
629 1049 693 1082 ex
716 1034 861 1082 astris
883 1034 1083 1096 cupiens
1108 1043 1365 1083 conectere
1386 1035 1588 1085 nodum.

331 1098 465 1146 Exin
490 1100 725 1148 contortis
747 1101 895 1149 Aries
918 1115 1034 1147 cum
1057 1099 1289 1148 cornibus
1312 1100 1496 1161 haeret,

201 1232 369 1290 quem
400 1218 637 1290 propter

328 1334 513 1393 Pisces,
534 1347 740 1396 quorum
763 1332 888 1381 alter
907 1334 1107 1396 paulum
1130 1332 1426 1396 praelabitur
1448 1342 1580 1396 ante,

328 1399 396 1446 Et
417 1398 576 1459 magis
599 1398 848 1447 horriferis
871 1399 1115 1462 aquilonis
1139 1400 1359 1461 tangitur
1380 1401 1527 1449 auris,

197 1516 410 1653 ξξᾶν.
478 1523 609 1575 112.
640 1517 739 1575 Ad
767 1517 942 1595 pedes
970 1518 1378 1577 Andromedae
1406 1518 1647 1578 Perseus
1674 1519 1879 1578 descri-

239 1617 254 1653 1
287 1616 368 1668 ur,

325 1718 483 1777 Quem
510 1734 702 1767 summa
723 1720 920 1779 regione
943 1719 1190 1782 aquilonis
1212 1720 1415 1768 flamina
1435 1720 1647 1782 pulsant.

325 1785 479 1831 Cuius
502 1793 700 1846 propter
723 1785 913 1832 laevum
941 1799 1096 1844 genus
1124 1784 1283 1846 [omni
1307 1801 1372 1833 ex
1396 1797 1536 1847 parte
1558 1788 1743 1835 locatas

324 1847 535 1910 Parvus]
560 1849 808 1909 Vergilias
834 1850 966 1897 tenui
990 1865 1101 1897 curn
1127 1851 1237 1898 luce
1260 1851 1463 1900 videbis,

324 1913 450 1962 Inde
472 1914 621 1962 Fides
643 1915 805 1976 positu
830 1915 999 1963 leviter
1023 1930 1260 1963 conversa
1279 1916 1486 1967 videtur.

324 1978 450 2026 Inde
473 1988 547 2027 est
569 1979 669 2027 ales
695 1980 821 2027 Avis
844 1979 946 2028 lato
970 1980 1058 2027 sub
1082 1981 1301 2041 tegmine
1323 1981 1460 2031 caeli.

193 2095 386 2172 Capiti
414 2102 606 2154 autem
636 2096 786 2173 Equi
815 2098 1077 2175 proxima
1105 2107 1191 2156 est
1212 2098 1453 2177 Aquarii
1475 2099 1674 2158 dextra
1694 2107 1871 2159 totus-

181 2195 305 2259 xque
332 2175 602 2254 deinceps
629 2176 933 2254 Aquarius,

322 2297 454 2345 Tum
474 2298 695 2358 gelidum
719 2298 882 2347 valido
905 2299 968 2347 de
992 2308 1191 2361 pectore
1213 2299 1367 2361 frigus
1390 2300 1627 2350 anhelans

323 2362 540 2425 Corpore
563 2364 794 2412 semifero
817 2379 999 2425 magno
1024 2365 1350 2427 Capricornus
1373 2366 1424 2413 in
1447 2367 1581 2426 orbe,

324 2431 485 2489 Quem
510 2445 624 2477 cum
648 2440 883 2492 perpetuo
906 2430 1102 2478 vestivit
1129 2429 1312 2478 lumine
1335 2432 1500 2489 Titan,

323 2494 550 2544 Brumali
571 2494 775 2543 flectens
799 2502 1091 2557 contorquet
1116 2502 1336 2557 tempora
1358 2511 1571 2544 currum.

189 2606 319 2658 113.
356 2600 472 2658 Hic
501 2608 693 2658 autem
723 2600 1011 2678 aspicitur,

315 2723 388 2770 Ut
412 2738 517 2771 sese
540 2722 806 2771 ostendens
830 2721 1037 2782 emergit
1062 2720 1291 2783 Scorpios
1315 2720 1431 2779 alte,

314 2788 595 2835 Posteriore
617 2788 817 2836 trahens
841 2787 1042 2848 plexum
1066 2787 1115 2833 vi
1139 2787 1354 2847 corporis
1378 2800 1565 2844 arcum,

314 2853 472 2911 Quem
498 2864 694 2914 propter
717 2854 876 2900 nitens
902 2852 1062 2914 pinnis
1085 2851 1390 2899 convolvitur
1413 2851 1549 2899 Ales,

311 2918 385 2965 At
406 2927 604 2979 propter
627 2932 679 2965 se
699 2917 885 2980 Aquila
906 2917 1100 2966 ardenti
1122 2931 1236 2965 cum
1260 2931 1461 2979 corpore
1485 2925 1662 2979 portat.

183 3025 410 3086 Deinde
439 3026 779 3104 DelphinuS,

312 3148 513 3198 Exinde
536 3147 690 3198 Orion
714 3148 911 3211 obliquo
934 3162 1138 3212 corpore
1159 3148 1339 3199 nitens„
