2205 3431
728 79 1433 142 L11³.11.‚CA1’.1.‚11.,§
1467 83 1575 128 1-6.
1939 80 2003 127 49

316 184 441 242 Nos
469 189 664 241 autem
692 182 803 240 hoe
832 203 1091 240 sermone
1124 203 1266 260 quae
1295 183 1487 259 priora
1515 182 1631 239 duo
1662 188 1795 238 sunt
1824 201 2007 238 suma-

315 285 460 334 muS‚
477 263 714 332 tertium
743 270 801 320 et
831 271 1114 339 quartum,
1137 263 1270 340 quia
1296 263 1514 319 maiora
1542 269 1691 333 sunt,
1712 267 1856 338 puto
1886 281 2005 318 esse

317 345 373 400 in
398 345 555 401 aliud
579 351 809 420 tempus
831 343 1163 400 differenda.
1233 342 1475 400 Minime
1498 362 1648 413 vere,
1665 342 1855 419 inquit
1872 341 2006 398 Cot-

314 433 407 481 ta:
452 444 586 480 nam
617 430 675 480 et
697 424 868 480 otiosi
899 442 1094 479 sumus
1124 430 1182 479 et
1205 423 1274 479 iis
1301 423 1374 480 de
1404 422 1571 480 rebus
1600 422 1839 498 agimuS,
1862 441 2005 499 quae

315 513 451 561 sunt
479 505 651 561 etiam
680 503 929 580 negotiis
959 503 1409 579 anteponendae.

396 584 471 641 ΙΙ.
559 589 612 641 4.
650 584 801 641 Tum
838 582 1125 640 Lucilius:
1169 582 1259 640 Ne
1294 602 1459 659 egere
1495 582 1728 659 quidem
1758 581 2001 651 videtur,

314 664 520 741 inquit,
548 665 806 721 oratione
835 665 1022 740 prima
1050 682 1197 740 pars,
1283 662 1439 731 Quid
1467 663 1621 720 enim
1656 668 1851 739 potest
1885 681 2004 718 esse

313 752 432 800 tam
480 751 741 821 apertum
783 751 1017 821 tamque
1062 743 1446 821 perspicuum,
1479 762 1610 800 cum
1654 742 1874 799 caelum
1918 762 2005 799 su-

313 825 607 900 speximus
635 823 1009 901 caelestiaque
1039 823 1415 900 contemplati
1444 842 1656 892 sumus,
1682 842 1853 900 quam
1884 841 2004 879 esse

312 904 549 980 aliquod
577 924 787 962 numen
819 904 1340 981 praestantissimae
1371 903 1596 973 mentiS,
1620 922 1732 979 quo
1754 901 1894 960 haec
1925 922 2004 958 re-

311 986 560 1059 gantur?
626 983 794 1052 Quod
819 985 877 1040 ni
902 985 983 1041 ita
1005 992 1169 1056 esset,
1193 984 1290 1060 qui
1314 984 1597 1061 potuisset
1619 983 1862 1040 adsensu
1886 1002 2004 1039 om-

312 1064 476 1120 nium
505 1064 692 1121 dicere
719 1065 973 1121 Ennius:

313 1186 499 1247 Aspice
527 1185 619 1233 hoc
648 1185 889 1233 sublimen
921 1185 1155 1246 caudens,
1176 1199 1321 1248 quem
1351 1184 1583 1234 invocant
1610 1199 1782 1232 omnes
1809 1184 1998 1244 Iovem,

312 1302 473 1359 illum
499 1322 633 1361 vero
663 1310 721 1360 et
744 1303 941 1361 Iovem
971 1310 1028 1360 et
1051 1303 1475 1360 dominatorem
1503 1323 1692 1361 rerum
1723 1310 1782 1361 et
1810 1304 2004 1360 omnia

312 1390 458 1440 nutu
486 1391 778 1459 regentem
809 1391 883 1455 et,
909 1390 974 1440 ut
1001 1383 1157 1440 idem
1186 1384 1424 1454 EnniuS‚

703 1513 894 1566 patrem
916 1505 1181 1566 divomque
1205 1505 1557 1566 hominumque

311 1623 371 1673 et
411 1622 766 1693 praesentem
809 1635 874 1673 ac
915 1622 1352 1692 praepotentem
1395 1615 1605 1672 deum?
1688 1614 1858 1684 Quod
1902 1617 2001 1694 qui

312 1696 554 1768 dubitet,
580 1696 735 1754 haud
765 1717 899 1756 sane
932 1695 1206 1773 intellego
1241 1715 1340 1754 cur
1374 1714 1487 1754 non
1520 1696 1674 1754 idem
1710 1695 1793 1753 sol
1824 1696 1899 1754 sit
1927 1718 2000 1755 an

311 1777 501 1834 nullus
529 1778 606 1834 sit
634 1776 894 1834 dubitare
923 1777 1123 1853 possit.
1213 1782 1263 1833 5.
1311 1776 1425 1845 Qui
1454 1777 1608 1834 enim
1644 1783 1730 1834 est
1759 1777 1868 1835 hoc
1899 1777 1999 1835 illo

311 1858 668 1914 evidentius?
743 1856 913 1926 Quod
940 1858 1052 1914 nisi
1081 1857 1379 1933 cognitum
1410 1858 1998 1936 comprehensumque

311 1937 518 1993 animis
545 1936 900 2007 haberemuS‚
928 1957 1042 1994 non
1073 1945 1193 1994 tam
1224 1936 1443 1994 stabilis
1479 1938 1676 2015 opinio
1706 1958 1995 2015 permane-

310 2025 397 2074 ret
426 2037 529 2074 nec
563 2016 995 2074 confirmaretur
1028 2016 1406 2075 diuturnitate
1436 2019 1713 2095 temporis
1745 2038 1849 2076 nec
1884 2040 1999 2077 una

311 2117 442 2153 cum
461 2097 698 2154 saeculis
715 2097 1111 2174 aetatibusque
1129 2098 1429 2154 hominum
1450 2098 1763 2155 inveterare
1782 2101 1997 2176 potuis-

311 2185 411 2234 set.
498 2177 728 2235 Etenim
758 2178 1019 2234 videmus
1053 2185 1267 2235 ceteras
1303 2177 1605 2254 opiniones
1634 2177 1794 2235 fictas
1824 2187 1995 2257 atque

309 2277 482 2313 vanas
504 2258 882 2315 diuturnitate
905 2257 1241 2314 extabuisse.
1321 2258 1462 2326 Quis
1485 2259 1639 2327 enim
1663 2258 1996 2336 Hippocen-

308 2344 535 2394 taurum
556 2337 732 2394 fuisse
751 2345 851 2395 aut
869 2337 1035 2395 Chim
1043 2356 1229 2395 aeram
1250 2345 1416 2414 putat
1434 2338 1453 2395 2
1488 2357 1701 2415 quaeve
1720 2358 1862 2396 anus
1875 2348 1994 2397 tam

309 2437 506 2474 excors
536 2418 777 2474 inveniri
800 2425 994 2494 potest
1015 2436 1161 2495 quae
1189 2417 1287 2474 illa
1315 2437 1458 2495 quae
1489 2418 1779 2494 quondam
1810 2421 1998 2477 crede·

308 2497 518 2554 bantur
560 2498 714 2574 apud
747 2498 963 2555 inferos
997 2505 1265 2575 portenta
1306 2498 1676 2556 extimescat?
1758 2499 1998 2576 Opinio-

307 2597 450 2635 num
478 2578 633 2635 enim
662 2585 990 2635 commenta
1017 2578 1171 2635 delet
1201 2578 1339 2649 dies,
1365 2585 1599 2635 naturae
1626 2578 1839 2636 iudicia
1867 2599 1998 2636 eon-

307 2657 512 2715 firmat.
600 2657 801 2735 Itaque
831 2666 888 2715 et
910 2658 969 2714 in
999 2666 1198 2715 nostro
1220 2658 1437 2735 populo
1467 2658 1605 2715 etin
1637 2659 1837 2716 ceteris
1866 2660 1998 2717 deo-

305 2757 430 2794 rum
458 2738 644 2795 cultus
666 2738 1122 2815 religionumque
1146 2740 1475 2795 sanctitates
1498 2738 1778 2796 exsistunt
1796 2739 1855 2796 in
1875 2740 1997 2798 dies

308 2818 553 2874 maiores
575 2827 745 2895 atque
771 2818 1046 2875 meliores
1136 2823 1187 2875 6.
1226 2817 1409 2894 quue
1432 2818 1620 2875 evenit
1643 2838 1760 2876 non
1781 2827 1996 2879 temere

308 2916 413 2954 nec
436 2917 583 2968 casu,
607 2898 707 2954 sed
730 2898 885 2975 quod
909 2905 966 2954 et
987 2898 1365 2974 praesentiam
1390 2918 1557 2976 saepe
1580 2899 1698 2956 divi
1721 2920 1881 2958 suam
1904 2901 1997 2959 de-

309 2977 539 3047 clarant,
561 2989 627 3034 ut
649 2985 706 3035 et
727 2977 881 3054 apud
904 2977 1191 3054 Regillum
1224 2976 1371 3036 bello
1397 2977 1748 3050 Latinorum,
1766 3000 1897 3038 eum
1921 2981 1992 3039 A.

309 3056 646 3114 Postumius
673 3051 923 3114 dictatoi
951 3077 1081 3114 cum
1112 3058 1353 3116 Octavio
1383 3058 1641 3116 Mamilio
1671 3059 1995 3117 Tusculano

310 3137 530 3212 proelio
560 3137 876 3206 dimicaret,
903 3137 962 3192 in
992 3144 1190 3193 nostra
1222 3137 1342 3193 acie
1368 3137 1575 3194 Castor
1600 3144 1661 3194 et
1688 3137 1896 3195 Pollux
1926 3158 1994 3193 ex
