2205 3431
635 131 772 180 ΠΒ.
805 132 872 192 1.,
897 131 1052 180 eAP.
1086 131 1420 192 §mn-xv„
1445 129 1473 189 ς
1498 133 1677 180 34-40.
1943 133 2006 181 17

322 231 582 307 proxime
615 231 924 301 nominavi,
949 237 1076 288 tum
1111 231 1302 306 ipsum
1336 231 1620 288 mundum
1656 231 1827 289 deum
1863 231 2006 289 dicit

323 330 460 381 esse,
484 317 611 368 tum
644 312 824 368 totius
864 318 1099 368 naturae
1141 310 1324 368 menti
1366 320 1537 387 atque
1579 312 1772 369 animo
1801 312 2006 369 tribuit

322 389 432 448 hoe
465 410 694 460 nomen,
715 398 840 448 tum
870 391 1141 447 ultimum
1176 397 1235 448 et
1268 391 1609 449 altissimum
1639 399 1810 469 atque
1842 392 2006 449 undi-

323 489 433 547 que
462 470 872 527 circumfusum
902 478 960 527 et
988 477 1308 528 extremum
1343 473 1539 529 omnia
1567 472 1895 548 cingentem
1924 483 2005 529 at-

323 570 433 626 que
461 551 823 626 complexum
855 549 1135 619 ardorem,
1161 552 1261 627 qui
1293 551 1491 609 aether
1521 553 1866 622 nominetur,
1892 571 2005 609 cer-

320 630 607 687 tissimum
626 631 797 687 deum
817 630 1047 687 iudicat.
1114 630 1390 708 Idemque
1410 632 1569 708 quasi
1592 631 1836 689 delirans
1858 632 1918 687 in
1934 633 2004 689 iis

320 709 495 782 libris,
523 730 666 784 quos
684 711 911 787 scripsit
928 716 1128 768 contra
1144 711 1515 787 voluptatem,
1540 720 1663 769 tum
1695 711 1864 788 fingit
1891 712 2004 769 for-

324 810 476 847 mam
523 790 807 867 quandam
844 796 904 847 et
932 790 1180 867 speciem
1210 791 1465 862 deorum,
1485 798 1611 848 tum
1641 792 2002 849 divinitatem

322 888 552 926 omnem
586 869 790 927 tribuit
831 870 1011 940 astriS,
1036 877 1163 927 tum
1205 870 1350 927 nihil
1394 872 1615 928 ratione
1657 879 1850 929 censet
1883 891 2004 930 esse

321 949 588 1008 divinius
676 949 767 1007 Ita
793 949 861 1006 fit
888 958 955 1007 ut
982 951 1123 1008 deus
1150 950 1261 1022 ille,
1288 971 1458 1028 quem
1491 959 1685 1009 mente
1713 952 2004 1010 noscimus

320 1036 491 1106 atque
513 1029 573 1087 in
602 1030 780 1088 animi
806 1031 1042 1087 notione
1070 1037 1363 1108 tamquam
1392 1033 1451 1088 in
1476 1032 1718 1110 vestigio
1739 1033 2003 1090 volumus

320 1128 611 1186 reponere,
634 1129 916 1187 nusquam
947 1130 1177 1187 prorsus
1206 1119 1489 1188 appareat.
1625 1148 1649 1165 2

400 1189 536 1248 XV.
623 1196 715 1248 38.
759 1191 845 1248 At
873 1191 1165 1261 PersanS‚
1191 1192 1446 1249 eiusdem
1475 1192 1720 1250 Zenonis
1752 1192 1999 1263 auditor,

321 1289 419 1327 eos
452 1269 596 1327 dicit
627 1289 749 1328 esse
781 1270 1011 1328 habitos
1044 1271 1199 1343 deOS,
1231 1291 1265 1328 a
1299 1272 1506 1349 quibus
1539 1291 1750 1348 magna
1783 1271 2001 1329 utilitas

321 1350 396 1406 ad
423 1351 573 1408 vitae
607 1351 821 1408 cultum
860 1358 1007 1409 esset
1039 1351 1288 1422 inventa,
1322 1353 1586 1429 ipsasque
1619 1364 1707 1409 r‘es
1740 1352 1909 1409 utiles
1943 1359 2002 1409 et

322 1429 592 1487 salutares
633 1430 869 1488 deorum
917 1450 1037 1488 esse
1079 1431 1372 1488 vocabulis
1416 1438 1788 1508 nuncupataS,
1821 1439 1886 1488 ut
1928 1452 2000 1490 ne

322 1509 433 1566 hoc
456 1510 686 1586 quidem
718 1511 933 1569 diceret
962 1510 1058 1567 illa
1078 1511 1313 1568 inventa
1334 1532 1453 1569 esse
1475 1513 1731 1582 deorum,
1754 1511 1853 1568 sed
1875 1512 2001 1588 ipsa

322 1589 531 1648 divina..
609 1589 738 1658 Quo
769 1591 908 1668 quid
942 1590 1245 1648 absurdius
1274 1611 1443 1669 quam
1480 1598 1578 1648 aut
1611 1611 1699 1648 res
1741 1592 2000 1648 sordidas

321 1676 494 1747 atque
523 1670 813 1729 deformes
841 1671 1077 1729 deorum
1104 1671 1320 1729 honore
1348 1671 1587 1729 adficere
1616 1680 1715 1729 aut
1735 1671 1999 1730 homines

321 1752 434 1808 iam
472 1758 657 1810 morte
691 1751 909 1809 deletos
941 1771 1215 1828 reponere
1248 1753 1306 1809 in
1344 1753 1499 1823 deOS,
1533 1772 1776 1829 quorum
1811 1754 1999 1810 omnis

322 1831 508 1888 cultus
541 1838 689 1889 esset
720 1832 950 1889 futurus
985 1832 1043 1888 in
1078 1832 1274 1890 luctu?
1357 1839 1448 1890 39.
1499 1832 1619 1889 Iam
1652 1852 1784 1890 vero
1818 1833 2000 1910 Chry-

323 1911 538 1988 sippuS,
571 1912 670 1988 qui
712 1911 1036 1969 Stoicorum
1073 1913 1427 1970 somniorum
1461 1913 1799 1970 vaferrimus
1832 1913 1999 1971 habe-

322 1998 418 2048 tur
443 1993 736 2068 interpreS,
768 2011 1034 2068 magnam
1065 1992 1294 2050 turbam
1328 2001 1638 2070 congregat
1665 1994 1998 2070 ignotorum

323 2072 561 2129 deorum
604 2079 776 2148 atque
817 2072 900 2129 ita
940 2073 1291 2148 ignotorum,
1316 2081 1381 2130 ut
1424 2093 1521 2129 eos
1562 2092 1633 2130 ne
1673 2073 2000 2131 coniectura

325 2152 557 2228 quidem
586 2152 896 2209 informare
924 2152 1227 2229 possimuS,
1248 2172 1378 2210 cum
1412 2172 1575 2212 mens
1607 2160 1804 2210 nostra
1838 2154 2000 2230 quid-

324 2232 409 2287 vis
435 2231 696 2289 videatur
724 2233 1074 2309 cogitatione
1104 2252 1270 2309 posse
1299 2233 1623 2310 depingere.
1708 2233 1815 2290 Ait
1843 2234 1997 2291 enim

323 2312 441 2367 vim
483 2312 737 2368 divinam
780 2313 841 2368 in
886 2313 1107 2369 ratione
1153 2332 1273 2370 esse
1313 2314 1562 2389 positam
1605 2321 1664 2371 et
1704 2314 1998 2371 universae

324 2399 558 2456 naturae
579 2392 771 2449 animo
791 2399 961 2469 atque
978 2399 1188 2462 mente,
1206 2394 1508 2471 ipsumque
1525 2394 1806 2451 mundum
1826 2393 1994 2451 deum

323 2471 465 2528 dicit
487 2490 606 2529 esse
629 2479 687 2529 et
708 2472 828 2529 eius
857 2473 1034 2529 animi
1055 2473 1342 2530 fusionem
1368 2473 1704 2545 universam,
1728 2481 1852 2532 tum
1878 2474 1999 2531 eius

322 2551 503 2628 ipsius
530 2552 931 2629 principatum,
958 2553 1056 2629 qui
1083 2553 1144 2610 in
1173 2561 1365 2611 mente
1394 2560 1453 2610 et
1480 2553 1699 2611 ratione
1728 2561 1995 2624 versetur,

323 2650 801 2709 communemque
828 2652 1017 2689 rerum
1045 2640 1308 2690 naturam
1337 2634 1657 2690 universam
1687 2640 1857 2710 atque
1881 2654 1999 2690 om-

322 2712 420 2767 nia
452 2712 861 2782 continentem,
892 2720 1018 2770 tum
1060 2713 1294 2770 fatalem
1329 2714 1447 2770 vim
1486 2714 1670 2790 ipsam
1713 2722 1772 2771 et
1812 2734 1999 2771 neces-

326 2792 551 2848 sitatem
593 2811 781 2850 rerum
820 2793 1161 2863 futurarum,
1192 2793 1386 2869 ignem
1428 2800 1719 2870 praeterea
1751 2801 1808 2851 et
1846 2813 1995 2864 eum,

325 2891 496 2948 quem
537 2878 670 2929 ante
712 2872 847 2943 dixi,
879 2872 1124 2943 aethera,
1156 2879 1281 2929 tum
1324 2893 1405 2943 ea,
1439 2893 1582 2949 quae
1623 2881 1826 2931 natura
1865 2874 2000 2931 flue-

323 2959 451 3008 rent
479 2958 650 3029 atque
677 2960 989 3023 manarent,
1016 2961 1079 3010 ut
1110 2961 1167 3010 et
1196 2973 1401 3030 aquam
1431 2961 1488 3010 et
1509 2961 1713 3010 terram
1747 2962 1804 3011 et
1832 2961 1995 3010 aera:

325 3031 519 3103 solem,
556 3032 767 3103 lunam,
813 3032 998 3089 sidera
1049 3034 1590 3109 universitatemque
1644 3052 1849 3101 rerum,
1888 3052 1998 3107 qua

325 3112 519 3168 omnia
552 3114 994 3183 continerentur,
1026 3120 1198 3188 atque
1240 3113 1410 3168 etiam
1455 3112 1717 3167 homines
1760 3131 1871 3178 eOS,
1900 3110 1997 3183 qui

326 3191 815 3250 immortalitatem
845 3199 1032 3249 essent
1060 3192 1367 3248 consecuti.
1454 3197 1546 3246 40.
1587 3190 1859 3259 Idemque
1889 3188 1996 3241 dis-

1997 3353 2004 3362 ι
