2205 3431
226 73 324 118 220
449 97 463 112 ·
745 69 845 117 DE
883 68 1383 118 DIVINATIONE.

226 180 344 227 tam
375 168 657 226 mirabilia
684 169 800 226 sint
829 189 1000 246 quam
1035 170 1295 226 coniecta
1321 169 1501 226 belle:
1545 189 1690 246 quae
1718 177 1911 227 tamen

226 249 313 306 vel
336 250 460 326 ipsa
480 249 625 306 falsa
653 269 772 307 esse
794 249 883 306 vel
905 269 986 313 ea
1014 268 1158 325 quae
1180 249 1474 325 praedicta
1493 257 1646 321 sunt,
1667 250 1915 307 fortuito

227 329 495 386 cecidisse
543 336 871 405 potuerunt.
955 328 1047 385 De
1096 329 1224 404 ipso
1273 328 1484 386 Roscio
1533 293 1727 405 pot'est
1768 329 1918 386 illud

230 409 463 485 quidem
505 428 626 465 esse
666 408 894 479 falsum,
925 416 993 465 ut
1034 407 1461 484 circumligatus
1501 409 1680 465 fuerit
1718 410 1914 486 angui,

229 489 330 546 sed
360 496 423 545 ut
450 489 509 545 in
543 489 706 545 cunis
733 489 910 546 fuerit
936 488 1158 565 anguis,
1181 507 1298 544 non
1329 496 1449 545 tam
1482 496 1570 545 est
1597 489 1827 560 mirum,
1854 489 1917 545 in

229 568 466 625 Solonio
500 569 850 644 praesertim,
881 567 983 624 ubi
1016 568 1090 624 ad
1125 568 1324 624 focum
1358 587 1572 644 angues
1605 568 1917 625 nundinari

229 648 429 705 solent.
527 647 678 704 Nam
729 648 886 724 quod
926 648 1255 722 haruspices
1310 647 1730 723 responderunt
1767 648 1918 704 nihil

229 727 328 784 illo
363 728 582 796 clariuS,
614 727 758 784 nihil
791 727 1041 784 nobilius
1074 728 1217 798 fore,
1241 727 1419 784 miror
1452 728 1590 785 deos
1623 729 1920 784 immorta-

228 807 311 864 les
365 807 629 863 histrioni
685 808 884 864 futuro
946 807 1264 864 claritatem
1320 807 1652 878 ostendisse,
1695 807 1917 864 nullam

228 886 544 943 ostendisse
586 887 881 944 Africano,
969 888 1061 944 67.
1107 887 1303 962 Atque
1345 887 1520 944 etiam
1554 906 1589 943 a
1620 895 1678 944 te
1712 886 1920 943 Flami-

228 967 399 1023 niana
427 973 652 1023 ostenta
679 967 917 1024 collecta
938 974 1086 1024 sunt.
1166 966 1338 1034 Quod
1360 968 1482 1043 ipse
1511 974 1569 1024 et
1591 986 1771 1043 equus
1794 967 1918 1022 eius

229 1054 461 1122 repente
504 1047 846 1104 conciderit:
890 1066 1005 1103 non
1042 1066 1176 1103 sane
1210 1047 1468 1104 mirabile
1499 1046 1611 1103 hoc
1646 1046 1916 1122 quidem!

230 1125 401 1194 Quod
441 1125 604 1182 evelli
637 1127 809 1203 primi
844 1127 1054 1183 hastati
1096 1126 1326 1202 signum
1361 1145 1477 1182 non
1510 1127 1795 1202 potuerit:
1847 1126 1919 1183 ti·

231 1207 384 1263 mide
418 1206 659 1263 fortasse
688 1207 932 1283 signifer
965 1206 1242 1263 evellebat
1271 1206 1427 1283 quod
1453 1205 1695 1263 fidenter
1723 1205 1920 1262 infixe-

229 1294 333 1343 rat.
419 1286 570 1342 Nam
598 1287 869 1362 Dionysii
899 1306 1080 1362 equus
1109 1286 1250 1362 quid
1278 1285 1471 1342 attulit
1499 1285 1914 1353 admirationiS,

230 1365 388 1442 quod
416 1366 646 1422 emersit
675 1386 705 1423 e
733 1365 970 1422 flumine
993 1366 1262 1443 quodque
1283 1365 1486 1422 habuit
1508 1384 1643 1442 apes
1665 1365 1724 1421 in
1747 1365 1918 1422 iuba?

229 1446 347 1503 Sed
375 1446 509 1523 quia
537 1445 695 1502 brevi
723 1452 984 1522 tempore
1018 1465 1253 1522 regnare
1287 1446 1494 1521 coepit,
1517 1445 1674 1521 quod
1701 1445 1920 1502 accide-

230 1534 319 1583 rat
360 1545 509 1596 casu,
540 1526 657 1582 vim
690 1525 893 1582 habuit
927 1526 1155 1582 ostenti.
1238 1525 1324 1582 At
1356 1525 1821 1582 Lacedaemoniis
1854 1525 1918 1581 in

232 1606 498 1662 Herculis
530 1605 669 1662 fano
704 1624 861 1661 arma
893 1611 1208 1662 sonuerunt
1240 1605 1608 1681 eiusdemque
1642 1604 1736 1662 dei
1769 1604 1920 1662 The-

232 1685 322 1743 bis
355 1685 548 1743 valvae
582 1685 801 1743 clausae
835 1685 1026 1743 subito
1057 1705 1115 1743 se
1144 1692 1502 1762 aperuerunt,
1527 1704 1706 1761 eaque
1734 1691 1915 1757 scuta,

232 1786 377 1842 quae
410 1766 638 1823 fuerant
673 1766 914 1823 sublime
947 1765 1076 1836 fixa,
1102 1773 1236 1822 sunt
1267 1765 1432 1822 humi
1460 1765 1706 1823 inventa.
1792 1765 1919 1821 Ho-

232 1865 360 1903 rum
395 1865 523 1902 cum
559 1845 679 1902 fieri
713 1845 857 1902 nihil
891 1846 1146 1921 potuerit
1180 1846 1301 1902 sine
1334 1846 1527 1922 aliquo
1560 1852 1741 1915 motu,
1775 1845 1919 1921 quid

231 1933 321 1982 est
353 1943 453 1982 cur
490 1924 766 1981 divinitus
800 1945 866 1982 ea
897 1926 1095 2000 potius
1130 1944 1300 2002 quam
1335 1944 1464 1981 casu
1495 1925 1651 1981 facta
1683 1944 1804 1981 esse
1832 1925 1919 1981 di-

231 2006 463 2062 camus?
543 2004 807 2064 XXXIL
885 2012 976 2062 68.
1021 2005 1106 2062 At
1133 2006 1193 2061 in
1217 2005 1496 2081 Lysandri
1518 2011 1737 2061 statuae
1765 2006 1920 2081 capi-

232 2094 291 2142 te
324 2084 567 2160 Delphis
608 2084 830 2142 exstitit
872 2104 1083 2143 corona
1116 2104 1185 2142 ex
1225 2085 1438 2161 asperis
1470 2084 1663 2141 herbis
1703 2091 1762 2142 et
1796 2084 1920 2161 qui-

231 2165 365 2222 dem
396 2164 598 2222 subita.
683 2165 882 2223 Itane?
916 2185 1111 2222 censes
1138 2171 1270 2222 ante
1297 2184 1568 2221 coronam
1590 2164 1797 2221 herbae
1826 2184 1921 2221 ex-

232 2246 444 2302 stitisse
473 2264 645 2322 quam
671 2252 1016 2322 conceptum
1044 2265 1165 2303 esse
1195 2246 1423 2301 semen?
1456 2244 1692 2301 herbam
1721 2252 1916 2301 autem

232 2344 506 2400 asperam,
544 2325 730 2394 cred0,
762 2326 952 2382 avium
995 2332 1288 2401 congestu,
1322 2344 1439 2381 non
1473 2324 1726 2381 humano
1769 2331 1915 2381 satu.

233 2404 357 2461 Iam
394 2405 676 2482 quidquid
703 2405 763 2461 in
797 2405 984 2481 capite
1018 2413 1121 2476 est,
1146 2405 1208 2461 id
1238 2423 1481 2462 coronae
1517 2405 1700 2461 simile
1734 2404 1919 2461 videri

232 2492 440 2561 potest.
524 2484 676 2542 Nam
724 2486 880 2562 quod
922 2485 1128 2542 eodem
1171 2491 1432 2559 tempore
1482 2484 1670 2541 stellas
1718 2483 1919 2540 aureas

231 2565 488 2622 Castoris
521 2572 580 2622 et
607 2564 859 2622 Pollucis
891 2564 1136 2641 Delphis
1168 2565 1385 2641 positas
1418 2563 1695 2620 decidisse
1730 2582 1953 2639 neque-

232 2664 327 2701 eas
354 2664 594 2722 usquam
626 2654 875 2722 repertas
903 2664 1023 2702 esse
1045 2644 1259 2714 dixisti,
1285 2644 1481 2701 furum
1505 2644 1567 2700 id
1587 2643 1772 2719 magis
1801 2644 1919 2699 fac-

233 2731 359 2781 tum
389 2745 560 2802 quam
590 2725 828 2782 deorum
856 2724 1095 2782 videtur.
1184 2730 1276 2781 69.
1322 2723 1535 2780 Simiae
1563 2742 1696 2779 vero
1717 2722 1921 2779 Dodo-

232 2823 406 2861 naeae
433 2804 861 2881 improbitatem
890 2804 1145 2861 historiis
1172 2803 1403 2861 Graecis
1430 2803 1760 2859 mandatam
1793 2821 1919 2859 esse

231 2883 497 2938 demiror.
584 2883 739 2949 Quid
771 2885 962 2940 minus
996 2884 1207 2940 mirum
1242 2901 1412 2959 quam
1442 2882 1599 2939 illam
1631 2889 1919 2938 monstru-

234 2960 553 3015 osissimam
594 2960 837 3018 bestiam
878 2982 1081 3018 urnam
1125 2962 1407 3031 evertisse,
1440 2971 1620 3019 sortes
1662 2962 1918 3037 dissupa-

234 3037 418 3092 visse?
519 3037 597 3093 Et
651 3046 864 3112 negant
911 3039 1171 3098 historici
1220 3040 1685 3098 Lacedaemoniis
1732 3042 1918 3098 ullum

235 3121 526 3171 ostentum
554 3114 664 3170 hoc
697 3117 917 3172 tristius
949 3119 1234 3176 accidisse.
1320 3119 1471 3176 Nam
1500 3121 1598 3178 illa
1623 3121 1920 3196 praedicta
