<?xml version="1.0" encoding="UTF-8"?>
<!DOCTYPE html PUBLIC "-//W3C//DTD XHTML 1.0 Transitional//EN"
    "http://www.w3.org/TR/xhtml1/DTD/xhtml1-transitional.dtd">
<html xmlns="http://www.w3.org/1999/xhtml" xml:lang="en" lang="en">
 <head>
  <title>
</title>
<meta http-equiv="Content-Type" content="text/html;charset=utf-8" />
  <meta name='ocr-system' content='tesseract 3.04.00' />
  <meta name='ocr-capabilities' content='ocr_page ocr_carea ocr_par ocr_line ocrx_word'/>
</head>
<body>
  <div class='ocr_page' id='page_1' title='image "./defato00cicegoog_0085.png"; bbox 0 0 2205 3431; ppageno 0'>
   <div class='ocr_carea' id='block_1_1' title="bbox 530 153 1972 216">
    <p class='ocr_par' dir='ltr' id='par_1_1' title="bbox 530 153 1972 216">
     <span class='ocr_line' id='line_1_1' title="bbox 530 153 1972 216; baseline 0.001 -14"><span class='ocrx_word' id='word_1_1' title='bbox 530 154 792 216; x_wconf 87' lang='lat' dir='ltr'>LIB.11.‚</span> <span class='ocrx_word' id='word_1_2' title='bbox 815 153 970 204; x_wconf 84' lang='lat' dir='ltr'>CAP.</span> <span class='ocrx_word' id='word_1_3' title='bbox 1004 153 1524 216; x_wconf 75' lang='lat' dir='ltr'>xxx.-xxx11.,§</span> <span class='ocrx_word' id='word_1_4' title='bbox 1555 158 1731 205; x_wconf 85' lang='lat'>76-82.</span> <span class='ocrx_word' id='word_1_5' title='bbox 1909 159 1972 206; x_wconf 82' lang='lat'>75</span> 
     </span>
    </p>
   </div>
   <div class='ocr_carea' id='block_1_2' title="bbox 285 255 2110 3285">
    <p class='ocr_par' dir='ltr' id='par_1_2' title="bbox 285 255 2110 3285">
     <span class='ocr_line' id='line_1_2' title="bbox 289 255 1972 332; baseline 0 -19"><span class='ocrx_word' id='word_1_6' title='bbox 289 258 508 314; x_wconf 90' lang='lat' dir='ltr'>minum</span> <span class='ocrx_word' id='word_1_7' title='bbox 528 274 733 332; x_wconf 82' lang='lat' dir='ltr'>genere</span> <span class='ocrx_word' id='word_1_8' title='bbox 751 274 929 326; x_wconf 75' lang='lat' dir='ltr'>mene,</span> <span class='ocrx_word' id='word_1_9' title='bbox 946 255 1311 327; x_wconf 80' lang='lat' dir='ltr'>fideS,virtuS,</span> <span class='ocrx_word' id='word_1_10' title='bbox 1324 255 1644 326; x_wconf 87' lang='lat' dir='ltr'>concordia,</span> <span class='ocrx_word' id='word_1_11' title='bbox 1661 256 1813 313; x_wconf 89' lang='lat' dir='ltr'>unde</span> <span class='ocrx_word' id='word_1_12' title='bbox 1831 255 1972 313; x_wconf 86' lang='lat' dir='ltr'>haec</span> 
     </span>
     <span class='ocr_line' id='line_1_3' title="bbox 288 333 1964 412; baseline -0.002 -18"><span class='ocrx_word' id='word_1_13' title='bbox 288 338 345 394; x_wconf 93' lang='lat' dir='ltr'>in</span> <span class='ocrx_word' id='word_1_14' title='bbox 370 344 578 393; x_wconf 88' lang='lat' dir='ltr'>terram</span> <span class='ocrx_word' id='word_1_15' title='bbox 607 336 717 392; x_wconf 88' lang='lat' dir='ltr'>nisi</span> <span class='ocrx_word' id='word_1_16' title='bbox 747 335 817 392; x_wconf 92' lang='lat' dir='ltr'>ab</span> <span class='ocrx_word' id='word_1_17' title='bbox 848 335 1066 412; x_wconf 91' lang='lat' dir='ltr'>superis</span> <span class='ocrx_word' id='word_1_18' title='bbox 1093 333 1343 392; x_wconf 87' lang='lat' dir='ltr'>defluere</span> <span class='ocrx_word' id='word_1_19' title='bbox 1370 337 1719 412; x_wconf 64' lang='lat' dir='ltr'>potuerunt?</span> <span class='ocrx_word' id='word_1_20' title='bbox 1799 335 1964 392; x_wconf 60' lang='lat' dir='ltr'>Cum‘</span> 
     </span>
     <span class='ocr_line' id='line_1_4' title="bbox 291 415 1971 494; baseline 0 -21"><span class='ocrx_word' id='word_1_21' title='bbox 291 436 400 494; x_wconf 91' lang='lat' dir='ltr'>que</span> <span class='ocrx_word' id='word_1_22' title='bbox 430 416 545 473; x_wconf 90' lang='lat' dir='ltr'>sint</span> <span class='ocrx_word' id='word_1_23' title='bbox 573 415 633 472; x_wconf 91' lang='lat' dir='ltr'>in</span> <span class='ocrx_word' id='word_1_24' title='bbox 662 416 831 473; x_wconf 90' lang='lat' dir='ltr'>nobis</span> <span class='ocrx_word' id='word_1_25' title='bbox 864 415 1183 485; x_wconf 88' lang='lat' dir='ltr'>consilium,</span> <span class='ocrx_word' id='word_1_26' title='bbox 1209 415 1372 485; x_wconf 90' lang='lat' dir='ltr'>rati0,</span> <span class='ocrx_word' id='word_1_27' title='bbox 1397 415 1717 491; x_wconf 90' lang='lat' dir='ltr'>prudentia,</span> <span class='ocrx_word' id='word_1_28' title='bbox 1741 434 1971 473; x_wconf 87' lang='lat' dir='ltr'>necesse</span> 
     </span>
     <span class='ocr_line' id='line_1_5' title="bbox 289 494 1969 572; baseline -0.002 -19"><span class='ocrx_word' id='word_1_29' title='bbox 289 504 375 553; x_wconf 87' lang='lat' dir='ltr'>est</span> <span class='ocrx_word' id='word_1_30' title='bbox 403 496 541 553; x_wconf 92' lang='lat' dir='ltr'>deos</span> <span class='ocrx_word' id='word_1_31' title='bbox 567 495 707 552; x_wconf 90' lang='lat' dir='ltr'>haec</span> <span class='ocrx_word' id='word_1_32' title='bbox 736 496 862 572; x_wconf 90' lang='lat' dir='ltr'>ipsa</span> <span class='ocrx_word' id='word_1_33' title='bbox 893 494 1100 552; x_wconf 89' lang='lat' dir='ltr'>habere</span> <span class='ocrx_word' id='word_1_34' title='bbox 1133 495 1353 551; x_wconf 88' lang='lat' dir='ltr'>maiora</span> <span class='ocrx_word' id='word_1_35' title='bbox 1384 514 1488 551; x_wconf 89' lang='lat' dir='ltr'>nec</span> <span class='ocrx_word' id='word_1_36' title='bbox 1525 494 1729 552; x_wconf 87' lang='lat' dir='ltr'>habere</span> <span class='ocrx_word' id='word_1_37' title='bbox 1764 495 1969 564; x_wconf 91' lang='lat' dir='ltr'>solum,</span> 
     </span>
     <span class='ocr_line' id='line_1_6' title="bbox 289 574 1966 651; baseline 0 -19"><span class='ocrx_word' id='word_1_38' title='bbox 289 575 387 632; x_wconf 90' lang='lat' dir='ltr'>sed</span> <span class='ocrx_word' id='word_1_39' title='bbox 417 576 590 633; x_wconf 88' lang='lat' dir='ltr'>etiam</span> <span class='ocrx_word' id='word_1_40' title='bbox 619 575 710 632; x_wconf 91' lang='lat' dir='ltr'>his</span> <span class='ocrx_word' id='word_1_41' title='bbox 743 575 828 632; x_wconf 90' lang='lat' dir='ltr'>uti</span> <span class='ocrx_word' id='word_1_42' title='bbox 856 575 917 631; x_wconf 90' lang='lat' dir='ltr'>in</span> <span class='ocrx_word' id='word_1_43' title='bbox 950 574 1219 631; x_wconf 87' lang='lat' dir='ltr'>maximis</span> <span class='ocrx_word' id='word_1_44' title='bbox 1253 581 1311 631; x_wconf 93' lang='lat' dir='ltr'>et</span> <span class='ocrx_word' id='word_1_45' title='bbox 1340 575 1576 651; x_wconf 90' lang='lat' dir='ltr'>optimis</span> <span class='ocrx_word' id='word_1_46' title='bbox 1603 574 1786 632; x_wconf 80' lang='lat' dir='ltr'>rebus,</span> <span class='ocrx_word' id='word_1_47' title='bbox 1874 581 1966 633; x_wconf 88' lang='lat'>80.</span> 
     </span>
     <span class='ocr_line' id='line_1_7' title="bbox 287 654 1971 712; baseline 0 -1"><span class='ocrx_word' id='word_1_48' title='bbox 287 655 449 712; x_wconf 91' lang='lat' dir='ltr'>Nihil</span> <span class='ocrx_word' id='word_1_49' title='bbox 484 662 675 712; x_wconf 87' lang='lat' dir='ltr'>autem</span> <span class='ocrx_word' id='word_1_50' title='bbox 711 662 797 712; x_wconf 88' lang='lat' dir='ltr'>est</span> <span class='ocrx_word' id='word_1_51' title='bbox 831 673 934 711; x_wconf 91' lang='lat' dir='ltr'>nec</span> <span class='ocrx_word' id='word_1_52' title='bbox 971 654 1157 711; x_wconf 88' lang='lat' dir='ltr'>maius</span> <span class='ocrx_word' id='word_1_53' title='bbox 1199 673 1302 712; x_wconf 91' lang='lat' dir='ltr'>nec</span> <span class='ocrx_word' id='word_1_54' title='bbox 1343 654 1548 711; x_wconf 85' lang='lat' dir='ltr'>melius</span> <span class='ocrx_word' id='word_1_55' title='bbox 1581 654 1834 711; x_wconf 87' lang='lat' dir='ltr'>mundo:</span> <span class='ocrx_word' id='word_1_56' title='bbox 1877 674 1971 711; x_wconf 91' lang='lat' dir='ltr'>nc-</span> 
     </span>
     <span class='ocr_line' id='line_1_8' title="bbox 288 733 1972 811; baseline -0.001 -19"><span class='ocrx_word' id='word_1_57' title='bbox 288 754 441 793; x_wconf 87' lang='lat' dir='ltr'>cesse</span> <span class='ocrx_word' id='word_1_58' title='bbox 483 741 569 791; x_wconf 91' lang='lat' dir='ltr'>est</span> <span class='ocrx_word' id='word_1_59' title='bbox 602 753 738 811; x_wconf 89' lang='lat' dir='ltr'>ergo</span> <span class='ocrx_word' id='word_1_60' title='bbox 781 754 914 791; x_wconf 90' lang='lat' dir='ltr'>eum</span> <span class='ocrx_word' id='word_1_61' title='bbox 956 733 1194 791; x_wconf 91' lang='lat' dir='ltr'>deorum</span> <span class='ocrx_word' id='word_1_62' title='bbox 1238 734 1477 790; x_wconf 90' lang='lat' dir='ltr'>consilio</span> <span class='ocrx_word' id='word_1_63' title='bbox 1520 741 1577 792; x_wconf 90' lang='lat' dir='ltr'>et</span> <span class='ocrx_word' id='word_1_64' title='bbox 1610 734 1972 811; x_wconf 89' lang='lat' dir='ltr'>providentia</span> 
     </span>
     <span class='ocr_line' id='line_1_9' title="bbox 287 813 1972 872; baseline -0.001 -1"><span class='ocrx_word' id='word_1_65' title='bbox 287 814 687 872; x_wconf 90' lang='lat' dir='ltr'>administrari.</span> <span class='ocrx_word' id='word_1_66' title='bbox 772 814 1076 871; x_wconf 90' lang='lat' dir='ltr'>Postremo</span> <span class='ocrx_word' id='word_1_67' title='bbox 1120 834 1251 871; x_wconf 90' lang='lat' dir='ltr'>cum</span> <span class='ocrx_word' id='word_1_68' title='bbox 1296 815 1433 871; x_wconf 89' lang='lat' dir='ltr'>satis</span> <span class='ocrx_word' id='word_1_69' title='bbox 1467 814 1830 872; x_wconf 85' lang='lat' dir='ltr'>docuerimus</span> <span class='ocrx_word' id='word_1_70' title='bbox 1863 813 1972 870; x_wconf 93' lang='lat' dir='ltr'>hos</span> 
     </span>
     <span class='ocr_line' id='line_1_10' title="bbox 287 894 1968 973; baseline -0.001 -22"><span class='ocrx_word' id='word_1_71' title='bbox 287 913 407 951; x_wconf 88' lang='lat' dir='ltr'>esse</span> <span class='ocrx_word' id='word_1_72' title='bbox 442 894 596 965; x_wconf 78' lang='lat' dir='ltr'>deOS,</span> <span class='ocrx_word' id='word_1_73' title='bbox 623 913 867 971; x_wconf 88' lang='lat' dir='ltr'>quorum</span> <span class='ocrx_word' id='word_1_74' title='bbox 901 894 1187 973; x_wconf 73' lang='lat' dir='ltr'>insignem</span> <span class='ocrx_word' id='word_1_75' title='bbox 1216 894 1333 951; x_wconf 85' lang='lat' dir='ltr'>vim</span> <span class='ocrx_word' id='word_1_76' title='bbox 1369 900 1426 951; x_wconf 90' lang='lat' dir='ltr'>et</span> <span class='ocrx_word' id='word_1_77' title='bbox 1455 894 1730 951; x_wconf 82' lang='lat' dir='ltr'>illustrem</span> <span class='ocrx_word' id='word_1_78' title='bbox 1760 894 1968 951; x_wconf 85' lang='lat' dir='ltr'>faciem</span> 
     </span>
     <span class='ocr_line' id='line_1_11' title="bbox 286 973 1970 1050; baseline -0.001 -19"><span class='ocrx_word' id='word_1_79' title='bbox 286 973 624 1045; x_wconf 86' lang='lat' dir='ltr'>videremus,</span> <span class='ocrx_word' id='word_1_80' title='bbox 657 973 833 1031; x_wconf 93' lang='lat' dir='ltr'>solem</span> <span class='ocrx_word' id='word_1_81' title='bbox 877 974 1007 1031; x_wconf 88' lang='lat' dir='ltr'>dico</span> <span class='ocrx_word' id='word_1_82' title='bbox 1050 980 1109 1031; x_wconf 90' lang='lat' dir='ltr'>et</span> <span class='ocrx_word' id='word_1_83' title='bbox 1141 974 1336 1031; x_wconf 91' lang='lat' dir='ltr'>lunam</span> <span class='ocrx_word' id='word_1_84' title='bbox 1379 982 1437 1031; x_wconf 88' lang='lat' dir='ltr'>et-</span> <span class='ocrx_word' id='word_1_85' title='bbox 1469 993 1640 1050; x_wconf 85' lang='lat' dir='ltr'>vagas</span> <span class='ocrx_word' id='word_1_86' title='bbox 1686 973 1874 1030; x_wconf 90' lang='lat' dir='ltr'>stellas</span> <span class='ocrx_word' id='word_1_87' title='bbox 1912 983 1970 1030; x_wconf 89' lang='lat' dir='ltr'>et</span> 
     </span>
     <span class='ocr_line' id='line_1_12' title="bbox 285 1053 1973 1130; baseline 0 -20"><span class='ocrx_word' id='word_1_88' title='bbox 285 1054 598 1111; x_wconf 82' lang='lat' dir='ltr'>inerrantes</span> <span class='ocrx_word' id='word_1_89' title='bbox 627 1061 685 1111; x_wconf 92' lang='lat' dir='ltr'>et</span> <span class='ocrx_word' id='word_1_90' title='bbox 708 1053 929 1125; x_wconf 17' lang='lat' dir='ltr'>*caelum</span> <span class='ocrx_word' id='word_1_91' title='bbox 961 1062 1020 1111; x_wconf 90' lang='lat' dir='ltr'>et</span> <span class='ocrx_word' id='word_1_92' title='bbox 1046 1054 1330 1111; x_wconf 90' lang='lat' dir='ltr'>mundum</span> <span class='ocrx_word' id='word_1_93' title='bbox 1361 1054 1549 1130; x_wconf 90' lang='lat' dir='ltr'>ipsum</span> <span class='ocrx_word' id='word_1_94' title='bbox 1580 1061 1638 1110; x_wconf 85' lang='lat' dir='ltr'>et</span> <span class='ocrx_word' id='word_1_95' title='bbox 1666 1072 1858 1111; x_wconf 89' lang='lat' dir='ltr'>earum</span> <span class='ocrx_word' id='word_1_96' title='bbox 1889 1073 1973 1110; x_wconf 91' lang='lat' dir='ltr'>re-</span> 
     </span>
     <span class='ocr_line' id='line_1_13' title="bbox 286 1134 1971 1210; baseline -0.001 -20"><span class='ocrx_word' id='word_1_97' title='bbox 286 1153 413 1190; x_wconf 87' lang='lat' dir='ltr'>rum</span> <span class='ocrx_word' id='word_1_98' title='bbox 444 1134 579 1205; x_wconf 88' lang='lat' dir='ltr'>vim,</span> <span class='ocrx_word' id='word_1_99' title='bbox 606 1153 749 1210; x_wconf 92' lang='lat' dir='ltr'>quae</span> <span class='ocrx_word' id='word_1_100' title='bbox 777 1135 1029 1191; x_wconf 75' lang='lat' dir='ltr'>inessent</span> <span class='ocrx_word' id='word_1_101' title='bbox 1057 1134 1118 1190; x_wconf 91' lang='lat' dir='ltr'>in</span> <span class='ocrx_word' id='word_1_102' title='bbox 1149 1134 1309 1190; x_wconf 90' lang='lat' dir='ltr'>omni</span> <span class='ocrx_word' id='word_1_103' title='bbox 1337 1134 1556 1190; x_wconf 89' lang='lat' dir='ltr'>mundo</span> <span class='ocrx_word' id='word_1_104' title='bbox 1591 1153 1721 1189; x_wconf 88' lang='lat' dir='ltr'>eum</span> <span class='ocrx_word' id='word_1_105' title='bbox 1756 1152 1971 1209; x_wconf 88' lang='lat' dir='ltr'>magno</span> 
     </span>
     <span class='ocr_line' id='line_1_14' title="bbox 288 1212 1972 1290; baseline -0.001 -20"><span class='ocrx_word' id='word_1_106' title='bbox 288 1233 393 1270; x_wconf 89' lang='lat' dir='ltr'>usu</span> <span class='ocrx_word' id='word_1_107' title='bbox 428 1220 486 1270; x_wconf 94' lang='lat' dir='ltr'>et</span> <span class='ocrx_word' id='word_1_108' title='bbox 518 1214 931 1271; x_wconf 79' lang='lat' dir='ltr'>commoditate</span> <span class='ocrx_word' id='word_1_109' title='bbox 964 1214 1189 1290; x_wconf 84' lang='lat' dir='ltr'>generis</span> <span class='ocrx_word' id='word_1_110' title='bbox 1221 1212 1476 1284; x_wconf 90' lang='lat' dir='ltr'>humani,</span> <span class='ocrx_word' id='word_1_111' title='bbox 1502 1212 1745 1270; x_wconf 89' lang='lat' dir='ltr'>efficitur</span> <span class='ocrx_word' id='word_1_112' title='bbox 1776 1213 1972 1270; x_wconf 86' lang='lat' dir='ltr'>omnia</span> 
     </span>
     <span class='ocr_line' id='line_1_15' title="bbox 287 1293 1970 1370; baseline -0.001 -20"><span class='ocrx_word' id='word_1_113' title='bbox 287 1293 408 1370; x_wconf 87' lang='lat' dir='ltr'>regi</span> <span class='ocrx_word' id='word_1_114' title='bbox 426 1293 620 1350; x_wconf 88' lang='lat' dir='ltr'>divina</span> <span class='ocrx_word' id='word_1_115' title='bbox 641 1300 833 1351; x_wconf 91' lang='lat' dir='ltr'>mente</span> <span class='ocrx_word' id='word_1_116' title='bbox 856 1302 1025 1370; x_wconf 90' lang='lat' dir='ltr'>atque</span> <span class='ocrx_word' id='word_1_117' title='bbox 1048 1293 1370 1370; x_wconf 91' lang='lat' dir='ltr'>prudentia.</span> <span class='ocrx_word' id='word_1_118' title='bbox 1443 1293 1531 1350; x_wconf 88' lang='lat' dir='ltr'>Ac</span> <span class='ocrx_word' id='word_1_119' title='bbox 1550 1293 1621 1357; x_wconf 84' lang='lat' dir='ltr'>de</span> <span class='ocrx_word' id='word_1_120' title='bbox 1643 1293 1829 1369; x_wconf 90' lang='lat' dir='ltr'>prima</span> <span class='ocrx_word' id='word_1_121' title='bbox 1851 1293 1970 1369; x_wconf 88' lang='lat' dir='ltr'>qui-</span> 
     </span>
     <span class='ocr_line' id='line_1_16' title="bbox 289 1373 2110 1449; baseline -0.003 -19"><span class='ocrx_word' id='word_1_122' title='bbox 289 1373 417 1430; x_wconf 91' lang='lat' dir='ltr'>dem</span> <span class='ocrx_word' id='word_1_123' title='bbox 450 1380 609 1449; x_wconf 90' lang='lat' dir='ltr'>parte</span> <span class='ocrx_word' id='word_1_124' title='bbox 632 1374 769 1430; x_wconf 88' lang='lat' dir='ltr'>satis</span> <span class='ocrx_word' id='word_1_125' title='bbox 797 1373 1015 1430; x_wconf 90' lang='lat' dir='ltr'>dictum</span> <span class='ocrx_word' id='word_1_126' title='bbox 1047 1380 1149 1430; x_wconf 91' lang='lat' dir='ltr'>est.</span> <span class='ocrx_word' id='word_1_127' title='bbox 1894 1394 2110 1431; x_wconf 58' lang='grc' dir='ltr'>,ιι-</span> 
     </span>
     <span class='ocr_line' id='line_1_17' title="bbox 376 1451 1972 1529; baseline -0.001 -20"><span class='ocrx_word' id='word_1_128' title='bbox 376 1452 628 1511; x_wconf 86' lang='lat' dir='ltr'>XXXII.</span> <span class='ocrx_word' id='word_1_129' title='bbox 705 1459 797 1510; x_wconf 87' lang='grc'>81.</span> <span class='ocrx_word' id='word_1_130' title='bbox 830 1452 1102 1529; x_wconf 81' lang='lat' dir='ltr'>Sequitur</span> <span class='ocrx_word' id='word_1_131' title='bbox 1130 1459 1195 1509; x_wconf 90' lang='lat' dir='ltr'>ut</span> <span class='ocrx_word' id='word_1_132' title='bbox 1223 1453 1459 1509; x_wconf 91' lang='lat' dir='ltr'>doceam</span> <span class='ocrx_word' id='word_1_133' title='bbox 1494 1452 1690 1508; x_wconf 90' lang='lat' dir='ltr'>omnia</span> <span class='ocrx_word' id='word_1_134' title='bbox 1717 1451 1972 1508; x_wconf 86' lang='lat' dir='ltr'>subiecta</span> 
     </span>
     <span class='ocr_line' id='line_1_18' title="bbox 289 1530 1971 1609; baseline -0.001 -20"><span class='ocrx_word' id='word_1_135' title='bbox 289 1551 408 1589; x_wconf 89' lang='lat' dir='ltr'>esse</span> <span class='ocrx_word' id='word_1_136' title='bbox 437 1541 669 1590; x_wconf 88' lang='lat' dir='ltr'>naturae</span> <span class='ocrx_word' id='word_1_137' title='bbox 699 1551 876 1609; x_wconf 92' lang='lat' dir='ltr'>eaque</span> <span class='ocrx_word' id='word_1_138' title='bbox 905 1532 976 1588; x_wconf 93' lang='lat' dir='ltr'>ab</span> <span class='ocrx_word' id='word_1_139' title='bbox 999 1552 1065 1589; x_wconf 93' lang='lat' dir='ltr'>ea</span> <span class='ocrx_word' id='word_1_140' title='bbox 1086 1531 1466 1608; x_wconf 84' lang='lat' dir='ltr'>pulcherrime</span> <span class='ocrx_word' id='word_1_141' title='bbox 1488 1531 1624 1607; x_wconf 90' lang='lat' dir='ltr'>geri.</span> <span class='ocrx_word' id='word_1_142' title='bbox 1694 1530 1808 1588; x_wconf 84' lang='lat' dir='ltr'>Sed</span> <span class='ocrx_word' id='word_1_143' title='bbox 1831 1531 1971 1607; x_wconf 87' lang='lat' dir='ltr'>quid</span> 
     </span>
     <span class='ocr_line' id='line_1_19' title="bbox 289 1610 1973 1689; baseline -0.002 -20"><span class='ocrx_word' id='word_1_144' title='bbox 289 1612 365 1669; x_wconf 89' lang='lat' dir='ltr'>sit</span> <span class='ocrx_word' id='word_1_145' title='bbox 390 1613 515 1689; x_wconf 91' lang='lat' dir='ltr'>ipsa</span> <span class='ocrx_word' id='word_1_146' title='bbox 541 1620 744 1670; x_wconf 86' lang='lat' dir='ltr'>natura</span> <span class='ocrx_word' id='word_1_147' title='bbox 772 1611 1172 1689; x_wconf 86' lang='lat' dir='ltr'>explicandum</span> <span class='ocrx_word' id='word_1_148' title='bbox 1202 1618 1288 1668; x_wconf 88' lang='lat' dir='ltr'>est</span> <span class='ocrx_word' id='word_1_149' title='bbox 1310 1618 1441 1668; x_wconf 90' lang='lat' dir='ltr'>ante</span> <span class='ocrx_word' id='word_1_150' title='bbox 1468 1610 1729 1682; x_wconf 88' lang='lat' dir='ltr'>breviter,</span> <span class='ocrx_word' id='word_1_151' title='bbox 1752 1629 1867 1687; x_wconf 92' lang='lat' dir='ltr'>quo</span> <span class='ocrx_word' id='word_1_152' title='bbox 1889 1611 1973 1666; x_wconf 87' lang='lat' dir='ltr'>fa-</span> 
     </span>
     <span class='ocr_line' id='line_1_20' title="bbox 288 1690 1973 1770; baseline -0.002 -20"><span class='ocrx_word' id='word_1_153' title='bbox 288 1692 452 1750; x_wconf 88' lang='lat' dir='ltr'>cilius</span> <span class='ocrx_word' id='word_1_154' title='bbox 475 1692 550 1764; x_wconf 90' lang='lat' dir='ltr'>id,</span> <span class='ocrx_word' id='word_1_155' title='bbox 568 1693 723 1770; x_wconf 86' lang='lat' dir='ltr'>quod</span> <span class='ocrx_word' id='word_1_156' title='bbox 746 1692 948 1751; x_wconf 88' lang='lat' dir='ltr'>docere</span> <span class='ocrx_word' id='word_1_157' title='bbox 966 1691 1247 1762; x_wconf 81' lang='lat' dir='ltr'>volumuS,</span> <span class='ocrx_word' id='word_1_158' title='bbox 1265 1690 1520 1768; x_wconf 84' lang='lat' dir='ltr'>intellegi</span> <span class='ocrx_word' id='word_1_159' title='bbox 1543 1690 1739 1767; x_wconf 86' lang='lat' dir='ltr'>possit.</span> <span class='ocrx_word' id='word_1_160' title='bbox 1797 1690 1855 1747; x_wconf 95' lang='lat' dir='ltr'>N</span> <span class='ocrx_word' id='word_1_161' title='bbox 1858 1709 1973 1747; x_wconf 90' lang='lat' dir='ltr'>am-</span> 
     </span>
     <span class='ocr_line' id='line_1_21' title="bbox 290 1771 1973 1848; baseline -0.001 -18"><span class='ocrx_word' id='word_1_162' title='bbox 290 1792 400 1848; x_wconf 91' lang='lat' dir='ltr'>que</span> <span class='ocrx_word' id='word_1_163' title='bbox 429 1772 523 1830; x_wconf 81' lang='lat' dir='ltr'>alii</span> <span class='ocrx_word' id='word_1_164' title='bbox 553 1782 814 1831; x_wconf 88' lang='lat' dir='ltr'>naturam</span> <span class='ocrx_word' id='word_1_165' title='bbox 844 1779 1077 1829; x_wconf 88' lang='lat' dir='ltr'>censent</span> <span class='ocrx_word' id='word_1_166' title='bbox 1106 1792 1226 1829; x_wconf 88' lang='lat' dir='ltr'>esse</span> <span class='ocrx_word' id='word_1_167' title='bbox 1254 1772 1372 1827; x_wconf 90' lang='lat' dir='ltr'>vim</span> <span class='ocrx_word' id='word_1_168' title='bbox 1413 1771 1699 1848; x_wconf 89' lang='lat' dir='ltr'>quandam</span> <span class='ocrx_word' id='word_1_169' title='bbox 1735 1773 1855 1830; x_wconf 89' lang='lat' dir='ltr'>sine</span> <span class='ocrx_word' id='word_1_170' title='bbox 1890 1792 1973 1829; x_wconf 88' lang='lat' dir='ltr'>ra-</span> 
     </span>
     <span class='ocr_line' id='line_1_22' title="bbox 287 1850 1975 1927; baseline -0.003 -17"><span class='ocrx_word' id='word_1_171' title='bbox 287 1854 447 1910; x_wconf 90' lang='lat' dir='ltr'>tione</span> <span class='ocrx_word' id='word_1_172' title='bbox 470 1854 713 1910; x_wconf 86' lang='lat' dir='ltr'>cientem</span> <span class='ocrx_word' id='word_1_173' title='bbox 737 1862 930 1910; x_wconf 89' lang='lat' dir='ltr'>motus</span> <span class='ocrx_word' id='word_1_174' title='bbox 948 1853 1006 1908; x_wconf 90' lang='lat' dir='ltr'>in</span> <span class='ocrx_word' id='word_1_175' title='bbox 1027 1851 1362 1927; x_wconf 86' lang='lat' dir='ltr'>corporibus</span> <span class='ocrx_word' id='word_1_176' title='bbox 1380 1850 1739 1922; x_wconf 76' lang='lat' dir='ltr'>necessariOS,</span> <span class='ocrx_word' id='word_1_177' title='bbox 1761 1850 1856 1906; x_wconf 89' lang='lat' dir='ltr'>alii</span> <span class='ocrx_word' id='word_1_178' title='bbox 1878 1869 1975 1906; x_wconf 90' lang='lat' dir='ltr'>au-</span> 
     </span>
     <span class='ocr_line' id='line_1_23' title="bbox 287 1930 1971 2009; baseline -0.003 -19"><span class='ocrx_word' id='word_1_179' title='bbox 287 1941 407 1990; x_wconf 85' lang='lat' dir='ltr'>tem</span> <span class='ocrx_word' id='word_1_180' title='bbox 437 1933 554 1989; x_wconf 88' lang='lat' dir='ltr'>vim</span> <span class='ocrx_word' id='word_1_181' title='bbox 582 1933 917 2009; x_wconf 84' lang='lat' dir='ltr'>participem</span> <span class='ocrx_word' id='word_1_182' title='bbox 955 1932 1194 1989; x_wconf 85' lang='lat' dir='ltr'>rationis</span> <span class='ocrx_word' id='word_1_183' title='bbox 1227 1939 1397 2008; x_wconf 89' lang='lat' dir='ltr'>atque</span> <span class='ocrx_word' id='word_1_184' title='bbox 1432 1930 1649 1987; x_wconf 88' lang='lat' dir='ltr'>ordinis</span> <span class='ocrx_word' id='word_1_185' title='bbox 1676 1936 1971 2006; x_wconf 83' lang='lat' dir='ltr'>tamquam</span> 
     </span>
     <span class='ocr_line' id='line_1_24' title="bbox 288 2009 1970 2089; baseline -0.002 -20"><span class='ocrx_word' id='word_1_186' title='bbox 288 2013 380 2070; x_wconf 85' lang='lat' dir='ltr'>via</span> <span class='ocrx_word' id='word_1_187' title='bbox 401 2013 862 2089; x_wconf 85' lang='lat' dir='ltr'>progredientem</span> <span class='ocrx_word' id='word_1_188' title='bbox 894 2011 1389 2087; x_wconf 89' lang='lat' dir='ltr'>declarantemque</span> <span class='ocrx_word' id='word_1_189' title='bbox 1419 2011 1557 2087; x_wconf 89' lang='lat' dir='ltr'>quid</span> <span class='ocrx_word' id='word_1_190' title='bbox 1587 2010 1859 2087; x_wconf 87' lang='lat' dir='ltr'>cuiusque</span> <span class='ocrx_word' id='word_1_191' title='bbox 1890 2009 1970 2065; x_wconf 88' lang='lat' dir='ltr'>rei</span> 
     </span>
     <span class='ocr_line' id='line_1_25' title="bbox 290 2088 1975 2169; baseline -0.003 -19"><span class='ocrx_word' id='word_1_192' title='bbox 290 2112 458 2150; x_wconf 87' lang='lat' dir='ltr'>causa</span> <span class='ocrx_word' id='word_1_193' title='bbox 498 2092 720 2162; x_wconf 87' lang='lat' dir='ltr'>efficiat,</span> <span class='ocrx_word' id='word_1_194' title='bbox 759 2091 899 2169; x_wconf 90' lang='lat' dir='ltr'>quid</span> <span class='ocrx_word' id='word_1_195' title='bbox 940 2098 1225 2168; x_wconf 84' lang='lat' dir='ltr'>sequatur,</span> <span class='ocrx_word' id='word_1_196' title='bbox 1262 2091 1424 2148; x_wconf 87' lang='lat' dir='ltr'>euius</span> <span class='ocrx_word' id='word_1_197' title='bbox 1465 2089 1772 2147; x_wconf 84' lang='lat' dir='ltr'>sollertiam</span> <span class='ocrx_word' id='word_1_198' title='bbox 1818 2088 1975 2145; x_wconf 88' lang='lat' dir='ltr'>nulla</span> 
     </span>
     <span class='ocr_line' id='line_1_26' title="bbox 289 2168 1975 2248; baseline -0.003 -19"><span class='ocrx_word' id='word_1_199' title='bbox 289 2192 395 2242; x_wconf 71' lang='lat' dir='ltr'>am,</span> <span class='ocrx_word' id='word_1_200' title='bbox 427 2171 583 2229; x_wconf 91' lang='lat' dir='ltr'>nulla</span> <span class='ocrx_word' id='word_1_201' title='bbox 622 2191 840 2242; x_wconf 78' lang='lat' dir='ltr'>manuS,</span> <span class='ocrx_word' id='word_1_202' title='bbox 872 2190 1043 2228; x_wconf 92' lang='lat' dir='ltr'>nemo</span> <span class='ocrx_word' id='word_1_203' title='bbox 1086 2170 1284 2248; x_wconf 86' lang='lat' dir='ltr'>opifex</span> <span class='ocrx_word' id='word_1_204' title='bbox 1327 2170 1599 2246; x_wconf 84' lang='lat' dir='ltr'>consequi</span> <span class='ocrx_word' id='word_1_205' title='bbox 1633 2169 1816 2246; x_wconf 88' lang='lat' dir='ltr'>possit</span> <span class='ocrx_word' id='word_1_206' title='bbox 1849 2168 1975 2224; x_wconf 87' lang='lat' dir='ltr'>imi-</span> 
     </span>
     <span class='ocr_line' id='line_1_27' title="bbox 288 2248 1976 2323; baseline -0.004 -14"><span class='ocrx_word' id='word_1_207' title='bbox 288 2252 503 2309; x_wconf 89' lang='lat' dir='ltr'>tando:</span> <span class='ocrx_word' id='word_1_208' title='bbox 549 2252 780 2308; x_wconf 89' lang='lat' dir='ltr'>seminis</span> <span class='ocrx_word' id='word_1_209' title='bbox 814 2252 969 2308; x_wconf 87' lang='lat' dir='ltr'>enim</span> <span class='ocrx_word' id='word_1_210' title='bbox 1002 2252 1121 2308; x_wconf 86' lang='lat' dir='ltr'>vim</span> <span class='ocrx_word' id='word_1_211' title='bbox 1156 2269 1276 2307; x_wconf 89' lang='lat' dir='ltr'>esse</span> <span class='ocrx_word' id='word_1_212' title='bbox 1308 2256 1547 2318; x_wconf 89' lang='lat' dir='ltr'>tantam,</span> <span class='ocrx_word' id='word_1_213' title='bbox 1572 2257 1638 2306; x_wconf 92' lang='lat' dir='ltr'>ut</span> <span class='ocrx_word' id='word_1_214' title='bbox 1671 2248 1748 2318; x_wconf 94' lang='lat' dir='ltr'>id,</span> <span class='ocrx_word' id='word_1_215' title='bbox 1781 2267 1976 2323; x_wconf 81' lang='lat' dir='ltr'>quarn-</span> 
     </span>
     <span class='ocr_line' id='line_1_28' title="bbox 293 2328 1976 2409; baseline -0.003 -21"><span class='ocrx_word' id='word_1_216' title='bbox 293 2351 462 2409; x_wconf 88' lang='lat' dir='ltr'>quam</span> <span class='ocrx_word' id='word_1_217' title='bbox 499 2332 573 2389; x_wconf 85' lang='lat' dir='ltr'>sit·</span> <span class='ocrx_word' id='word_1_218' title='bbox 606 2332 997 2408; x_wconf 88' lang='lat' dir='ltr'>perexiguum,</span> <span class='ocrx_word' id='word_1_219' title='bbox 1020 2338 1233 2401; x_wconf 90' lang='lat' dir='ltr'>tamen,</span> <span class='ocrx_word' id='word_1_220' title='bbox 1255 2330 1301 2386; x_wconf 91' lang='lat' dir='ltr'>si</span> <span class='ocrx_word' id='word_1_221' title='bbox 1335 2329 1600 2386; x_wconf 88' lang='lat' dir='ltr'>inciderit</span> <span class='ocrx_word' id='word_1_222' title='bbox 1632 2329 1692 2385; x_wconf 90' lang='lat' dir='ltr'>in</span> <span class='ocrx_word' id='word_1_223' title='bbox 1727 2328 1976 2403; x_wconf 89' lang='lat' dir='ltr'>concipi-</span> 
     </span>
     <span class='ocr_line' id='line_1_29' title="bbox 291 2408 1975 2487; baseline -0.002 -19"><span class='ocrx_word' id='word_1_224' title='bbox 291 2419 482 2469; x_wconf 86' lang='lat' dir='ltr'>entem</span> <span class='ocrx_word' id='word_1_225' title='bbox 513 2411 1209 2487; x_wconf 89' lang='lat' dir='ltr'>comprehendentemque</span> <span class='ocrx_word' id='word_1_226' title='bbox 1237 2416 1496 2484; x_wconf 79' lang='lat' dir='ltr'>naturam</span> <span class='ocrx_word' id='word_1_227' title='bbox 1526 2415 1870 2484; x_wconf 90' lang='lat' dir='ltr'>nactumquc</span> <span class='ocrx_word' id='word_1_228' title='bbox 1901 2408 1975 2464; x_wconf 84' lang='lat' dir='ltr'>sit</span> 
     </span>
     <span class='ocr_line' id='line_1_30' title="bbox 290 2486 1975 2567; baseline -0.004 -18"><span class='ocrx_word' id='word_1_229' title='bbox 290 2492 606 2561; x_wconf 87' lang='lat' dir='ltr'>materiam,</span> <span class='ocrx_word' id='word_1_230' title='bbox 633 2510 745 2567; x_wconf 89' lang='lat' dir='ltr'>qua</span> <span class='ocrx_word' id='word_1_231' title='bbox 777 2490 851 2547; x_wconf 88' lang='lat' dir='ltr'>ali</span> <span class='ocrx_word' id='word_1_232' title='bbox 885 2491 1195 2567; x_wconf 89' lang='lat' dir='ltr'>augerique</span> <span class='ocrx_word' id='word_1_233' title='bbox 1229 2490 1427 2566; x_wconf 89' lang='lat' dir='ltr'>possit,</span> <span class='ocrx_word' id='word_1_234' title='bbox 1452 2489 1535 2545; x_wconf 88' lang='lat' dir='ltr'>ita</span> <span class='ocrx_word' id='word_1_235' title='bbox 1561 2487 1743 2564; x_wconf 88' lang='lat' dir='ltr'>fingat</span> <span class='ocrx_word' id='word_1_236' title='bbox 1776 2494 1834 2544; x_wconf 94' lang='lat' dir='ltr'>et</span> <span class='ocrx_word' id='word_1_237' title='bbox 1862 2486 1975 2543; x_wconf 89' lang='lat' dir='ltr'>effi-</span> 
     </span>
     <span class='ocr_line' id='line_1_31' title="bbox 291 2567 1976 2647; baseline -0.004 -19"><span class='ocrx_word' id='word_1_238' title='bbox 291 2572 405 2630; x_wconf 88' lang='lat' dir='ltr'>ciat</span> <span class='ocrx_word' id='word_1_239' title='bbox 433 2572 491 2627; x_wconf 93' lang='lat' dir='ltr'>in</span> <span class='ocrx_word' id='word_1_240' title='bbox 528 2590 632 2627; x_wconf 90' lang='lat' dir='ltr'>suo</span> <span class='ocrx_word' id='word_1_241' title='bbox 668 2571 920 2647; x_wconf 90' lang='lat' dir='ltr'>quidque</span> <span class='ocrx_word' id='word_1_242' title='bbox 947 2587 1171 2646; x_wconf 86' lang='lat' dir='ltr'>genere,</span> <span class='ocrx_word' id='word_1_243' title='bbox 1196 2569 1405 2644; x_wconf 88' lang='lat' dir='ltr'>partim</span> <span class='ocrx_word' id='word_1_244' title='bbox 1443 2575 1507 2625; x_wconf 91' lang='lat' dir='ltr'>ut</span> <span class='ocrx_word' id='word_1_245' title='bbox 1535 2575 1761 2625; x_wconf 88' lang='lat' dir='ltr'>tantum</span> <span class='ocrx_word' id='word_1_246' title='bbox 1796 2567 1976 2622; x_wconf 91' lang='lat' dir='ltr'>modo</span> 
     </span>
     <span class='ocr_line' id='line_1_32' title="bbox 290 2646 1976 2729; baseline -0.004 -21"><span class='ocrx_word' id='word_1_247' title='bbox 290 2671 394 2729; x_wconf 92' lang='lat' dir='ltr'>per</span> <span class='ocrx_word' id='word_1_248' title='bbox 426 2651 633 2728; x_wconf 89' lang='lat' dir='ltr'>stirpes</span> <span class='ocrx_word' id='word_1_249' title='bbox 666 2650 890 2725; x_wconf 68' lang='lat' dir='ltr'>alantur</span> <span class='ocrx_word' id='word_1_250' title='bbox 922 2669 1066 2719; x_wconf 78' lang='lat' dir='ltr'>suaS,</span> <span class='ocrx_word' id='word_1_251' title='bbox 1097 2650 1308 2726; x_wconf 86' lang='lat' dir='ltr'>partim</span> <span class='ocrx_word' id='word_1_252' title='bbox 1351 2656 1417 2705; x_wconf 86' lang='lat' dir='ltr'>ut</span> <span class='ocrx_word' id='word_1_253' title='bbox 1448 2647 1665 2704; x_wconf 86' lang='lat' dir='ltr'>moveri</span> <span class='ocrx_word' id='word_1_254' title='bbox 1701 2646 1873 2703; x_wconf 88' lang='lat' dir='ltr'>etiam</span> <span class='ocrx_word' id='word_1_255' title='bbox 1917 2653 1976 2702; x_wconf 88' lang='lat' dir='ltr'>et</span> 
     </span>
     <span class='ocr_line' id='line_1_33' title="bbox 292 2725 1978 2807; baseline -0.004 -19"><span class='ocrx_word' id='word_1_256' title='bbox 292 2731 502 2788; x_wconf 84' lang='lat' dir='ltr'>sentire</span> <span class='ocrx_word' id='word_1_257' title='bbox 531 2737 588 2787; x_wconf 85' lang='lat' dir='ltr'>et</span> <span class='ocrx_word' id='word_1_258' title='bbox 617 2736 884 2807; x_wconf 89' lang='lat' dir='ltr'>appetere</span> <span class='ocrx_word' id='word_1_259' title='bbox 913 2730 1137 2806; x_wconf 89' lang='lat' dir='ltr'>possint</span> <span class='ocrx_word' id='word_1_260' title='bbox 1166 2735 1224 2785; x_wconf 90' lang='lat' dir='ltr'>et</span> <span class='ocrx_word' id='word_1_261' title='bbox 1251 2748 1319 2785; x_wconf 89' lang='lat' dir='ltr'>ex</span> <span class='ocrx_word' id='word_1_262' title='bbox 1354 2747 1473 2784; x_wconf 87' lang='lat' dir='ltr'>sese</span> <span class='ocrx_word' id='word_1_263' title='bbox 1504 2727 1711 2783; x_wconf 85' lang='lat' dir='ltr'>similia</span> <span class='ocrx_word' id='word_1_264' title='bbox 1738 2726 1826 2782; x_wconf 92' lang='lat' dir='ltr'>sui</span> <span class='ocrx_word' id='word_1_265' title='bbox 1855 2725 1978 2800; x_wconf 86' lang='lat' dir='ltr'>gig-</span> 
     </span>
     <span class='ocr_line' id='line_1_34' title="bbox 291 2806 1977 2886; baseline -0.003 -20"><span class='ocrx_word' id='word_1_266' title='bbox 291 2830 440 2868; x_wconf 86' lang='lat' dir='ltr'>nere.</span> <span class='ocrx_word' id='word_1_267' title='bbox 529 2816 621 2868; x_wconf 80' lang='lat'>82.</span> <span class='ocrx_word' id='word_1_268' title='bbox 659 2810 808 2866; x_wconf 82' lang='lat' dir='ltr'>Sunt</span> <span class='ocrx_word' id='word_1_269' title='bbox 851 2817 1045 2866; x_wconf 90' lang='lat' dir='ltr'>autem</span> <span class='ocrx_word' id='word_1_270' title='bbox 1092 2809 1191 2886; x_wconf 92' lang='lat' dir='ltr'>qui</span> <span class='ocrx_word' id='word_1_271' title='bbox 1230 2808 1424 2864; x_wconf 88' lang='lat' dir='ltr'>omnia</span> <span class='ocrx_word' id='word_1_272' title='bbox 1467 2814 1701 2864; x_wconf 86' lang='lat' dir='ltr'>naturae</span> <span class='ocrx_word' id='word_1_273' title='bbox 1743 2806 1977 2862; x_wconf 90' lang='lat' dir='ltr'>nomine</span> 
     </span>
     <span class='ocr_line' id='line_1_35' title="bbox 293 2886 1977 2967; baseline -0.004 -19"><span class='ocrx_word' id='word_1_274' title='bbox 293 2910 440 2967; x_wconf 88' lang='lat' dir='ltr'>appe</span> <span class='ocrx_word' id='word_1_275' title='bbox 465 2890 599 2961; x_wconf 91' lang='lat' dir='ltr'>lent,</span> <span class='ocrx_word' id='word_1_276' title='bbox 625 2898 690 2946; x_wconf 91' lang='lat' dir='ltr'>ut</span> <span class='ocrx_word' id='word_1_277' title='bbox 718 2889 1016 2966; x_wconf 82' lang='lat' dir='ltr'>EpicuruS,</span> <span class='ocrx_word' id='word_1_278' title='bbox 1043 2889 1141 2965; x_wconf 90' lang='lat' dir='ltr'>qui</span> <span class='ocrx_word' id='word_1_279' title='bbox 1170 2887 1253 2944; x_wconf 90' lang='lat' dir='ltr'>ita</span> <span class='ocrx_word' id='word_1_280' title='bbox 1280 2887 1503 2958; x_wconf 89' lang='lat' dir='ltr'>dividit,</span> <span class='ocrx_word' id='word_1_281' title='bbox 1529 2886 1806 2956; x_wconf 90' lang='lat' dir='ltr'>omnium,</span> <span class='ocrx_word' id='word_1_282' title='bbox 1834 2905 1977 2962; x_wconf 89' lang='lat' dir='ltr'>quae</span> 
     </span>
     <span class='ocr_line' id='line_1_36' title="bbox 293 2966 1979 3046; baseline -0.004 -20"><span class='ocrx_word' id='word_1_283' title='bbox 293 2971 426 3041; x_wconf 89' lang='lat' dir='ltr'>sint,</span> <span class='ocrx_word' id='word_1_284' title='bbox 447 2978 709 3028; x_wconf 90' lang='lat' dir='ltr'>naturam</span> <span class='ocrx_word' id='word_1_285' title='bbox 741 2988 861 3027; x_wconf 85' lang='lat' dir='ltr'>esse</span> <span class='ocrx_word' id='word_1_286' title='bbox 890 2988 1132 3046; x_wconf 88' lang='lat' dir='ltr'>corpora</span> <span class='ocrx_word' id='word_1_287' title='bbox 1159 2975 1217 3025; x_wconf 93' lang='lat' dir='ltr'>et</span> <span class='ocrx_word' id='word_1_288' title='bbox 1244 2968 1413 3024; x_wconf 89' lang='lat' dir='ltr'>inane</span> <span class='ocrx_word' id='word_1_289' title='bbox 1443 2986 1697 3044; x_wconf 89' lang='lat' dir='ltr'>quaeque</span> <span class='ocrx_word' id='word_1_290' title='bbox 1719 2966 1809 3022; x_wconf 90' lang='lat' dir='ltr'>his</span> <span class='ocrx_word' id='word_1_291' title='bbox 1838 2966 1979 3022; x_wconf 87' lang='lat' dir='ltr'>acci-</span> 
     </span>
     <span class='ocr_line' id='line_1_37' title="bbox 293 3045 1978 3107; baseline -0.004 0"><span class='ocrx_word' id='word_1_292' title='bbox 293 3050 450 3107; x_wconf 84' lang='lat' dir='ltr'>dant.</span> <span class='ocrx_word' id='word_1_293' title='bbox 537 3049 653 3107; x_wconf 82' lang='lat' dir='ltr'>Sed</span> <span class='ocrx_word' id='word_1_294' title='bbox 685 3069 792 3106; x_wconf 90' lang='lat' dir='ltr'>nos</span> <span class='ocrx_word' id='word_1_295' title='bbox 826 3068 957 3107; x_wconf 90' lang='lat' dir='ltr'>cum</span> <span class='ocrx_word' id='word_1_296' title='bbox 987 3049 1233 3106; x_wconf 83' lang='lat' dir='ltr'>dicimus</span> <span class='ocrx_word' id='word_1_297' title='bbox 1273 3053 1477 3104; x_wconf 87' lang='lat' dir='ltr'>natura</span> <span class='ocrx_word' id='word_1_298' title='bbox 1509 3053 1766 3104; x_wconf 87' lang='lat' dir='ltr'>constare</span> <span class='ocrx_word' id='word_1_299' title='bbox 1801 3045 1978 3102; x_wconf 90' lang='lat' dir='ltr'>admi-</span> 
     </span>
     <span class='ocr_line' id='line_1_38' title="bbox 291 3126 1977 3206; baseline -0.004 -20"><span class='ocrx_word' id='word_1_300' title='bbox 291 3130 634 3206; x_wconf 86' lang='lat' dir='ltr'>nistrarique</span> <span class='ocrx_word' id='word_1_301' title='bbox 662 3129 961 3199; x_wconf 87' lang='lat' dir='ltr'>mundum,</span> <span class='ocrx_word' id='word_1_302' title='bbox 983 3148 1098 3184; x_wconf 89' lang='lat' dir='ltr'>non</span> <span class='ocrx_word' id='word_1_303' title='bbox 1122 3129 1204 3186; x_wconf 84' lang='lat' dir='ltr'>ita</span> <span class='ocrx_word' id='word_1_304' title='bbox 1226 3127 1486 3197; x_wconf 74' lang='lat' dir='ltr'>dicimus,</span> <span class='ocrx_word' id='word_1_305' title='bbox 1504 3133 1568 3183; x_wconf 88' lang='lat' dir='ltr'>ut</span> <span class='ocrx_word' id='word_1_306' title='bbox 1589 3126 1846 3201; x_wconf 84' lang='lat' dir='ltr'>glaebam</span> <span class='ocrx_word' id='word_1_307' title='bbox 1878 3131 1977 3180; x_wconf 90' lang='lat' dir='ltr'>aut</span> 
     </span>
     <span class='ocr_line' id='line_1_39' title="bbox 293 3202 1977 3285; baseline -0.005 -20"><span class='ocrx_word' id='word_1_308' title='bbox 293 3210 683 3284; x_wconf 82' lang='lat' dir='ltr'>fragmentum</span> <span class='ocrx_word' id='word_1_309' title='bbox 718 3209 928 3285; x_wconf 85' lang='lat' dir='ltr'>lapidis</span> <span class='ocrx_word' id='word_1_310' title='bbox 971 3216 1069 3264; x_wconf 84' lang='lat' dir='ltr'>aut</span> <span class='ocrx_word' id='word_1_311' title='bbox 1104 3208 1318 3284; x_wconf 87' lang='lat' dir='ltr'>aliquid</span> <span class='ocrx_word' id='word_1_312' title='bbox 1351 3207 1471 3262; x_wconf 88' lang='lat' dir='ltr'>eius</span> <span class='ocrx_word' id='word_1_313' title='bbox 1508 3206 1664 3261; x_wconf 88' lang='lat' dir='ltr'>modi</span> <span class='ocrx_word' id='word_1_314' title='bbox 1699 3202 1854 3260; x_wconf 88' lang='lat' dir='ltr'>nulla</span> <span class='ocrx_word' id='word_1_315' title='bbox 1888 3223 1977 3258; x_wconf 87' lang='lat' dir='ltr'>co-</span> 
     </span>
    </p>
   </div>
   <div class='ocr_carea' id='block_1_3' title="bbox 1997 3265 2120 3346">
    <p class='ocr_par' dir='ltr' id='par_1_3' title="bbox 1997 3265 2120 3346">
     <span class='ocr_line' id='line_1_40' title="bbox 1997 3265 2120 3346; baseline 0 -8"><span class='ocrx_word' id='word_1_316' title='bbox 1997 3265 2120 3346; x_wconf 61' lang='lat' dir='ltr'>,f</span> 
     </span>
    </p>
   </div>
  </div>
 </body>
</html>
