2205 3431
253 107 314 154 76
705 103 804 151 ΒΕ
838 103 1137 152 NATURA
1169 103 1490 153 DEORUM.

252 204 522 263 haerendi
543 209 760 275 natura,
782 203 883 261 sed
911 211 977 261 ut
1004 203 1282 275 arborem,
1303 211 1368 261 ut
1389 203 1615 274 animal,
1636 204 1696 260 in
1726 204 1933 281 quibus

252 286 407 342 nulla
426 284 732 356 temeritas,
755 284 856 341 sed
884 284 1025 341 ordo
1053 291 1290 361 apparet
1311 291 1369 341 et
1390 285 1528 341 artis
1556 284 1836 360 quaedam
1864 285 1935 341 si·

253 364 538 422 militudo.

332 442 622 501 XXXIII.
702 450 794 501 83.
832 442 1003 510 Quod
1036 443 1084 498 si
1119 462 1200 513 ea,
1234 461 1377 519 quae
1410 462 1445 499 a
1476 448 1627 499 terra
1660 442 1934 520 stirpibus

252 525 636 594 continentur,
667 530 786 580 arte
828 530 1062 580 naturae
1096 522 1298 580 vivunt
1334 529 1393 580 ct
1428 522 1637 598 vigent,
1669 523 1932 599 profecto

252 605 377 681 ipsa
407 610 558 661 terra
590 603 790 660 eadem
823 603 881 658 vi
915 602 1241 659 continetur
1273 609 1393 659 arte
1434 608 1685 673 naturae,
1719 603 1933 679 quippe

253 703 398 760 quae
425 683 722 760 gravidata
755 681 1068 739 seminibus
1102 682 1297 738 omnia
1327 682 1514 759 pariat
1541 688 1599 738 et
1625 681 1836 738 fundat
1864 702 1933 739 ex

251 783 388 833 sese,
415 763 619 839 stirpes
647 761 909 838 amplexa
934 761 1049 818 alat
1070 768 1129 818 et
1150 769 1355 838 augeat
1382 762 1618 838 ipsaque
1646 761 1830 818 alatur
1856 762 1935 818 vi-

252 844 442 900 cissim
466 862 500 899 a
521 842 738 919 superis
756 842 1115 917 externisque
1135 842 1364 898 naturis
1433 841 1821 918 Eiusdemquc
1844 861 1936 899 ex-

251 923 660 999 spirationibus
702 928 760 978 et
793 928 892 978 aer
932 921 1104 978 alitur
1135 928 1193 978 et
1226 921 1422 978 aether
1453 928 1513 978 et
1546 922 1740 978 omnia
1773 940 1936 997 supe-

252 1023 331 1060 ra.
409 1002 514 1073 Ita,
536 1002 584 1058 si
612 1009 762 1058 terra
790 1006 994 1057 natura
1020 1008 1248 1057 tenetur
1275 1008 1333 1058 et
1360 1001 1533 1078 viget,
1557 1001 1758 1058 eadem
1786 1002 1933 1058 ratio

252 1083 313 1139 in
342 1082 560 1159 reliquo
587 1081 807 1138 mundo
836 1087 953 1138 est:
989 1081 1195 1156 stirpes
1224 1081 1377 1138 enim
1399 1088 1580 1138 terrae
1600 1080 1931 1138 inhaerent:

251 1162 571 1219 animantes
603 1168 796 1218 autem
829 1161 1175 1237 aspiratione
1209 1161 1357 1217 aeris
1390 1161 1759 1230 sustinentur,
1791 1161 1937 1237 ipsc-

253 1262 363 1318 que
405 1248 506 1298 aer
544 1241 844 1298 nobiscum
878 1240 1051 1311 videt,
1082 1240 1382 1298 nobiscum
1425 1240 1601 1312 audit,
1632 1240 1934 1298 nobiscum

251 1327 451 1378 sonat:
496 1321 638 1378 nihil
670 1321 823 1377 enim
854 1339 1051 1377 corum
1086 1320 1208 1377 sine
1241 1339 1309 1377 eo
1338 1319 1459 1376 fieri
1486 1327 1695 1397 potest.
1781 1319 1934 1388 Quin

251 1403 430 1458 etiam
472 1407 738 1457 movetur
780 1399 1119 1457 nobiscum:
1168 1419 1523 1477 quacumque
1569 1401 1721 1457 enim
1764 1401 1932 1471 imuS,

252 1500 611 1558 quacumque
654 1497 978 1551 movemur,
1000 1480 1226 1537 videtur
1267 1480 1429 1556 quasi
1466 1480 1656 1537 locum
1699 1480 1834 1537 dare
1876 1488 1937 1538 et

250 1546 502 1635 cedem}
554 1565 645 1617 84.
683 1559 955 1636 Quaeque
982 1560 1041 1616 in
1075 1560 1333 1616 medium
1366 1560 1555 1616 locum
1589 1560 1935 1637 mundi,-qui

250 1661 312 1698 cs
360 1640 606 1711 infimuS,
628 1646 686 1697 et
708 1659 852 1717 quae
875 1659 909 1696 a
929 1640 1121 1696 medio
1144 1640 1204 1696 in
1227 1659 1494 1715 superum
1517 1659 1775 1718 quaeque
1804 1659 1936 1697 con-

252 1722 510 1778 versione
542 1720 792 1777 rotunda
823 1721 1036 1776 circum
1068 1720 1324 1777 medium
1352 1721 1632 1792 feruntur,
1657 1740 1724 1777 ea
1757 1722 1936 1778 conti-

252 1808 485 1858 nentem
514 1800 716 1858 mundi
745 1799 999 1856 efficiunt
1025 1819 1311 1876 unamque
1343 1807 1622 1857 naturam.
1699 1801 1776 1858 Et
1804 1821 1935 1858 cum

252 1888 525 1957 quattuor
557 1898 767 1955 genera
799 1880 915 1935 sint
947 1898 1269 1955 corporum,
1300 1880 1693 1937 vicissitudine
1735 1899 1931 1937 eorum

252 1960 454 2016 mundi
489 1960 825 2016 continuata
864 1966 1067 2015 natura
1108 1965 1208 2015 est.
1293 1959 1351 2015 N
1353 1961 1445 2016 am
1480 1979 1548 2017 ex
1582 1967 1732 2017 terra
1768 1980 1932 2037 aqua,

251 2060 322 2096 ex
351 2058 499 2115 aqua
532 2039 714 2095 oritur
747 2044 860 2109 aer,
887 2058 955 2095 cx
988 2045 1120 2095 aere
1149 2038 1359 2111 aether,
1385 2039 1592 2097 deinde
1624 2047 1934 2098 retrorsum

253 2119 502 2176 vicissim
532 2138 601 2175 ex
630 2117 856 2175 aethere
885 2124 998 2189 aer,
1019 2118 1153 2175 inde
1182 2138 1343 2195 aqua,
1366 2138 1435 2175 ex
1463 2138 1611 2196 aqua
1636 2127 1788 2177 terra
1813 2120 1937 2177 infi-

252 2218 362 2256 ma.
437 2198 531 2255 Sic
564 2198 783 2255 naturis
809 2197 916 2268 his,
942 2217 1009 2254 ex
1045 2197 1253 2274 quibus
1287 2199 1482 2255 omnia
1513 2206 1796 2271 constant,
1821 2220 1936 2257 sur-

252 2298 349 2335 sus
369 2278 622 2348 deorsus,
639 2278 790 2334 ultro
814 2278 958 2334 citro
981 2278 1437 2335 commeantibus
1457 2280 1662 2336 mundi
1683 2281 1935 2356 partium

250 2359 583 2415 coniunctio
613 2358 955 2414 continetur.
1043 2363 1135 2415 85.
1173 2357 1331 2426 Quae
1360 2365 1460 2416 aut
1488 2360 1835 2436 sempiterna
1861 2361 1936 2417 sit

252 2457 480 2495 necesse
503 2445 590 2495 est
609 2437 720 2494 hoc
743 2437 945 2494 eodem
976 2446 1198 2508 ornatU,
1217 2458 1384 2515 quem
1409 2439 1685 2510 videmuS,
1703 2447 1803 2497 aut
1824 2459 1938 2497 cer-

253 2526 312 2575 te
341 2518 715 2595 perdiuturna
742 2537 1080 2594 permanens
1109 2518 1183 2575 ad
1203 2518 1584 2595 longinquum
1614 2526 1672 2576 et
1699 2520 1937 2576 immen-

253 2618 382 2655 sum
410 2616 590 2674 paene
617 2606 862 2674 tempus,
948 2597 1207 2665 Quorum
1237 2599 1517 2655 utrumvis
1546 2606 1611 2655 ut
1639 2600 1729 2669 sit,
1754 2600 1939 2675 sequi-

253 2684 350 2735 tur
381 2685 585 2734 natura
615 2677 898 2734 mundum
933 2678 1335 2735 administrari.
1420 2677 1579 2746 Quae
1614 2679 1767 2735 enim
1802 2680 1938 2735 clas-

252 2758 404 2813 sium
432 2758 724 2833 navigatio
752 2764 851 2814 aut
880 2777 1023 2834 quae
1045 2758 1347 2815 instructio
1381 2759 1661 2815 exercitus
1694 2765 1794 2815 aut
1820 2778 1939 2816 rur-

254 2857 366 2907 sus,
392 2844 458 2893 ut
491 2856 572 2906 ea,
599 2856 742 2912 quae
776 2845 981 2894 natura
1014 2837 1203 2907 efficit,
1229 2838 1606 2909 conferamUS,
1634 2858 1777 2915 quae
1810 2858 1939 2915 pro-

254 2916 467 2974 creatio
496 2916 630 2973 vitis
662 2923 762 2973 aut
790 2917 1022 2987 arboriS,
1049 2936 1192 2993 quae
1221 2936 1392 2993 porro
1421 2918 1728 2975 animantis
1756 2917 1939 2994 figura

254 2996 754 3072 conformatioque
785 2996 1176 3053 membrorum
1210 3004 1428 3054 tantam
1472 3005 1706 3056 naturae
1750 2998 1939 3055 soller-

255 3077 395 3134 tiam
439 3075 726 3153 significat
768 3085 1040 3153 quantam
1081 3077 1205 3153 ipse
1246 3078 1532 3135 mundus?
1604 3079 1729 3136 Aut
1762 3078 1939 3156 igitur
1988 3135 1993 3141 ,

256 3157 396 3214 nihil
430 3165 516 3214 est
545 3157 702 3232 quod
731 3157 1011 3214 sentiente
1040 3165 1242 3214 natura
1274 3166 1502 3233 regatur
1529 3166 1629 3216 aut
1655 3160 1938 3217 mundum
