2205 3431
490 151 626 200 LIB.
655 152 748 212 IL,
778 151 936 200 CAP.
960 151 1445 211 XXXIX-XLII„
1475 150 1503 209 ἓ
1534 153 1713 201 83-89.
1846 155 1943 202 227

264 270 573 308 mammam
621 258 914 328 appetenS,
950 251 1264 308 castissime
1313 250 1519 308 colitur
1566 271 1601 308 a
1646 252 1939 310 matribus

267 337 358 388 86.
404 331 738 406 Eodemque
785 337 1044 407 tempore
1092 331 1150 388 in
1204 350 1271 387 eo
1319 330 1465 402 loco,
1509 330 1610 387 ubi
1660 331 1943 389 Fortunae

264 430 415 468 nunc
450 418 535 467 est
569 411 750 481 aedeS,
776 410 889 467 mel
919 430 988 467 ex
1031 410 1156 467 olea
1187 410 1415 467 fluxisse
1458 411 1657 468 dicunt
1689 410 1945 488 haruspi-

264 509 468 567 cesque
511 491 718 546 dixisse
761 509 985 546 summa
1018 489 1318 547 nobilitate
1351 490 1475 547 illas
1509 497 1689 548 sortes
1722 491 1945 547 futuras

263 589 574 646 eorumque
602 570 757 626 iussu
787 589 855 626 ex
886 568 980 626 illa
1009 569 1135 626 olea
1162 589 1348 626 arcam
1378 589 1497 626 esse
1519 570 1731 626 factam
1762 590 1944 646 eoque

264 649 524 705 conditas
558 656 753 719 sorteS,
780 669 923 725 quae
957 649 1130 706 hodie
1159 650 1443 706 Fortunae
1475 650 1705 706 monitu
1738 648 1947 706 tollun-

263 735 371 785 tur.
441 728 597 797 Quid
624 729 800 804 igitur
828 729 887 785 in
916 729 1007 784 his
1034 736 1227 805 potest
1255 749 1373 785 esse
1395 730 1551 800 certi,
1577 748 1719 806 quae
1749 728 1947 786 Fortu-

264 827 369 864 nae
402 809 626 865 monitu
662 809 824 883 pueri
857 827 1030 864 manu
1065 809 1378 865 miscentur
1418 816 1588 886 atque
1623 808 1946 866 ducuntur?

265 886 393 955 Quo
427 888 603 944 modo
637 896 829 944 autem
857 888 998 944 istae
1025 888 1247 964 positae
1276 889 1336 944 in
1365 887 1463 945 illo
1491 888 1655 945 loco?
1699 888 1827 965 quis
1860 908 1947 945 ro-

266 966 373 1023 bur
413 967 554 1024 illud
596 967 817 1037 cecidit,
850 966 1081 1037 dolavit,
1113 967 1439 1044 inscripsit?
1521 967 1682 1024 Nihil
1732 975 1833 1039 est,
1864 968 1948 1024 in-

265 1047 486 1122 quiunt,
521 1047 678 1122 quod
711 1047 850 1103 deus
883 1046 1101 1104 efficere
1146 1066 1262 1103 non
1295 1048 1493 1123 possit.
1578 1047 1823 1104 Utinam
1866 1067 1948 1103 sa·

264 1127 486 1202 pientes
509 1126 734 1183 Stoicos
755 1127 1050 1196 effecisset,
1071 1146 1144 1183 ne
1174 1127 1367 1183 omnia
1394 1146 1521 1184 cum
1555 1127 1949 1204 superstitiosa

266 1205 647 1263 sollicitudine
676 1213 733 1263 et
760 1206 987 1263 miseria
1015 1207 1341 1264 crederent!
1424 1206 1540 1263 Sed
1566 1206 1677 1264 hoc
1713 1206 1946 1283 quidem

176 1312 181 1315 ·
264 1304 446 1361 genus
468 1285 837 1343 divinationis
858 1286 977 1342 vita
998 1286 1111 1342 iam
1136 1285 1458 1342 communis
1481 1285 1740 1362 explosit.
1806 1286 1947 1342 Fani

265 1364 634 1442 pulchritudo
677 1372 734 1422 et
766 1373 1018 1422 vetustas
1051 1365 1549 1422 Praenestinarum
1585 1366 1759 1422 etiam
1794 1384 1948 1421 nunc

266 1445 474 1502 retinet
503 1445 742 1502 sortium
773 1465 983 1502 nomen
1013 1451 1184 1521 atque
1213 1445 1275 1501 id
1303 1445 1363 1501 in
1392 1444 1611 1520 vulguS.
1683 1445 1775 1501 87.
1808 1443 1950 1512 Quis

268 1524 421 1581 enim
455 1525 820 1601 magistratus
855 1533 954 1582 aut
988 1525 1116 1601 quis
1145 1525 1230 1581 vir
1262 1524 1535 1581 illustrior
1566 1525 1748 1582 utitur
1789 1524 1951 1580 sorti-

267 1603 411 1661 bus?
492 1604 710 1662 Ceteris
738 1624 870 1662 vero
905 1605 965 1660 in
998 1604 1140 1661 locis
1175 1611 1354 1661 sortes
1387 1604 1555 1679 plane
1588 1604 1945 1660 refrixerunt.

270 1683 441 1753 Quod
461 1684 811 1742 Carneadem
841 1684 1234 1742 Clitomachus
1262 1683 1458 1741 scribit
1480 1684 1666 1741 dicere
1696 1683 1946 1754 solitum,

268 1784 551 1841 nusquam
593 1785 652 1822 se
692 1765 1135 1822 fortunatiorem
1178 1783 1349 1841 quam
1392 1764 1697 1821 Praeneste
1739 1763 1947 1820 vidisse

270 1844 597 1902 Fortunam.
695 1845 849 1921 Ergo
899 1845 1009 1901 hoc
1064 1844 1435 1901 divinationis
1488 1863 1669 1920 genus
1726 1843 1951 1900 omitta-

270 1944 415 1981 mus

349 2003 533 2060 XLII.
583 2002 678 2060 Ad
726 2002 1146 2061 Chaldaeorum
1193 2010 1450 2060 monstra
1496 2003 1823 2061 veniamus:
1876 2003 1949 2059 de

272 2084 478 2160 quibus
505 2083 796 2151 Eudoxus,
821 2083 1081 2141 Platonis
1116 2083 1359 2153 auditor,
1385 2084 1444 2139 in
1474 2082 1782 2159 astrologia
1807 2083 1953 2139 iudi-

271 2164 360 2220 cio
391 2163 853 2221 doctissimorum
882 2163 1186 2219 hominum
1214 2162 1382 2219 facile
1411 2162 1693 2238 princepe,
1719 2163 1798 2219 sic
1834 2163 1953 2238 opi-

270 2250 454 2314 natur,
471 2243 534 2299 id
556 2243 712 2319 quod
734 2243 1010 2319 scriptum
1033 2241 1297 2318 reliquit:
1343 2242 1377 2268 “
1393 2241 1694 2297 Chaldaeis
1715 2242 1775 2297 in
1797 2261 1954 2317 prae-

272 2323 524 2380 dictione
557 2331 615 2379 et
642 2323 699 2378 in
737 2322 1034 2379 notatione
1069 2322 1342 2397 cuiusque
1371 2321 1520 2377 vitae
1554 2340 1622 2377 ex
1656 2320 1830 2377 natali
1859 2321 1953 2377 die

270 2403 510 2459 minime
538 2422 658 2459 esse
687 2401 1090 2459 credendum.''
1170 2407 1261 2458 88.
1299 2400 1578 2457 Nominat
1606 2400 1779 2458 etiam
1808 2399 1955 2457 Pan—

272 2483 469 2552 aetius,
513 2483 611 2558 qui
660 2501 807 2538 unus
855 2502 886 2539 e
939 2481 1149 2539 Stoicis
1198 2480 1615 2556 astrologorum
1665 2479 1956 2556 praedicta

271 2562 483 2631 reiecit,
508 2561 853 2618 Archelaum
895 2568 954 2619 et
995 2561 1394 2631 Cassandrum,
1428 2579 1682 2616 summos
1723 2558 1957 2615 astrolo-

271 2659 379 2717 gos
399 2640 551 2698 illius
579 2642 794 2711 aetatis,
817 2661 930 2717 qua
957 2648 1077 2698 erat
1098 2641 1240 2717 ipse,
1258 2660 1388 2697 cum
1411 2640 1471 2696 in
1494 2639 1694 2697 ceteris
1723 2638 1957 2696 astrolo-

272 2721 399 2796 giae
418 2720 674 2798 partibus
697 2720 1046 2792 excellerent,
1061 2720 1171 2777 hoc
1189 2719 1594 2797 praedictionis
1611 2737 1816 2795 genere
1836 2737 1954 2773 non

273 2820 422 2858 usos,
501 2800 706 2877 Scylax
734 2800 1216 2870 HalicarnasseuS,
1241 2799 1540 2856 familiaris
1568 2798 1844 2868 Panaetii,
1866 2816 1956 2853 ex-

273 2880 481 2937 cellens
507 2881 569 2936 in
596 2880 906 2956 astrologia
931 2880 1199 2956 idemque
1228 2880 1286 2936 in
1316 2879 1566 2955 regenda
1598 2897 1699 2934 sua
1726 2877 1955 2933 civitate

276 2960 555 3037 princeps,
585 2967 775 3017 totum
809 2960 920 3016 hoc
963 2958 1334 3016 Chaldaicum
1377 2958 1741 3034 praedicendi
1775 2976 1956 3033 genus

273 3040 611 3116 repudiavit.
684 3046 775 3097 89.
801 3039 932 3110 Sed,
954 3046 1019 3096 ut
1039 3040 1260 3096 ratione
1289 3044 1533 3107 utamur,
1554 3037 1779 3093 omissis
1800 3036 1957 3092 testi-

274 3119 398 3191 bus,
431 3120 511 3176 sic
539 3120 635 3176 isti
669 3119 982 3195 disputant,
1008 3123 1108 3196 qui
1134 3119 1275 3175 haec
1310 3117 1726 3173 Chaldaeorum
1758 3114 1957 3172 natali-

276 3200 365 3257 cia
395 3199 688 3276 praedicta
720 3199 1054 3257 defendunt.
1141 3198 1281 3256 Vim
1316 3196 1601 3274 quandam
1636 3214 1757 3253 esse
1794 3194 1957 3251 aiunt
