2205 3431
220 83 316 129 264
888 83 988 131 DE
1022 83 1226 131 FATO.

216 180 392 240 babat
420 189 478 240 et
506 183 680 240 nimis
706 183 1125 241 inconsiderate
1154 183 1421 241 concludi
1448 185 1595 241 hanc
1624 184 1908 242 rationem

216 262 474 339 putabat.
561 262 764 340 Itaque
792 263 1087 341 premebat
1116 263 1229 320 alio
1261 263 1439 320 modo
1469 283 1575 321 nec
1604 264 1778 320 ullam
1812 265 1911 321 ad-

217 342 453 400 hibebat
494 342 871 401 calumniam:
917 344 1077 400 cuius
1121 350 1242 400 erat
1278 342 1417 400 haec
1461 343 1752 401 conclusio
1789 344 1908 402 “Si

218 423 415 479 omnia
462 422 931 480 antecedentibus
979 424 1163 480 causis
1210 422 1374 494 fiunt,
1418 424 1614 480 omnia
1660 424 1908 482 naturali

217 502 582 579 colligatione
612 509 869 559 conserte
898 509 1278 579 contexteque
1305 502 1467 561 fiunt.
1547 503 1719 571 Quod
1747 505 1794 561 si
1822 500 1908 562 ita

217 589 319 653 est,
353 583 548 639 omnia
580 583 884 640 necessitas
919 582 1108 640 efficit.
1196 583 1267 639 Id
1300 583 1348 639 si
1382 603 1580 640 verum
1623 589 1725 655 est,
1756 584 1906 641 nihil

216 671 303 719 est
331 663 392 719 in
419 669 616 720 nostra
642 670 943 739 potestate.
1029 662 1136 720 Est
1158 669 1352 720 autem
1380 663 1598 739 aliquid
1619 663 1677 720 in
1707 671 1907 721 nostra

215 748 515 818 potestate.
585 744 685 815 At,
709 743 758 799 si
779 743 974 800 omnia
995 742 1120 799 fato
1142 742 1306 814 fiunt,
1329 744 1525 800 omnia
1545 743 1727 800 causis
1749 750 1906 801 ante-

215 822 549 879 cedentibus
577 822 738 880 fiunt.
817 822 949 880 Non
974 822 1152 899 igitur
1178 823 1303 879 fato
1332 822 1480 879 fiunt
1510 842 1903 900 quaecumque

214 902 414 959 fiunt.’'
501 909 592 959 32.
638 902 800 959 Haec
841 903 1018 960 artius
1059 903 1300 978 astringi
1342 903 1489 959 ratio
1533 908 1650 958 non
1687 911 1899 979 potest.

216 982 366 1039 Nam
401 982 447 1039 si
485 983 612 1058 quis
644 982 783 1039 velit
811 982 964 1039 idem
999 983 1208 1039 referre
1244 989 1416 1058 atque
1447 975 1534 1039 ita
1566 983 1751 1040 dicere
1783 983 1817 1010 “
1837 983 1902 1040 Si

215 1081 385 1118 omne
418 1063 678 1119 futurum
715 1082 784 1118 ex
817 1062 1151 1119 aeternitate
1186 1082 1384 1119 verum
1418 1069 1520 1133 est,
1546 1069 1612 1120 ut
1638 1063 1721 1120 ita
1749 1070 1902 1120 certe

214 1143 452 1212 eveniat,
479 1162 649 1219 quem
678 1142 752 1198 ad
778 1142 1018 1199 modum
1048 1143 1123 1199 sit
1150 1142 1429 1213 futurum,
1451 1142 1647 1198 omnia
1673 1161 1901 1200 necesse

214 1230 300 1278 est
334 1222 698 1298 colligatione
730 1221 975 1279 naturali
1009 1229 1267 1279 conserte
1301 1229 1680 1299 contexteque
1720 1221 1842 1278 fieri
1862 1222 1898 1250 ’⁹

213 1301 356 1357 nihil
386 1302 554 1360 dicat.
641 1301 885 1359 Multum
919 1302 1072 1358 enim
1101 1302 1299 1359 differt
1325 1309 1518 1359 utrum
1548 1321 1717 1360 causa
1737 1310 1902 1360 natu-

151 1409 155 1413 ·
212 1381 344 1437 ralis
378 1401 447 1438 ex
481 1383 814 1439 aeternitate
848 1382 1045 1438 futura
1076 1401 1208 1439 vera
1236 1381 1442 1440 efficiat
1471 1402 1543 1439 an
1572 1383 1746 1440 etiam
1776 1382 1899 1441 sine

213 1463 546 1519 aeternitate
591 1462 851 1533 naturali,
888 1463 1085 1519 futura
1131 1481 1274 1539 quae
1319 1464 1449 1533 sint,
1492 1481 1559 1519 ea
1601 1481 1734 1520 vera
1776 1482 1900 1520 esse

212 1542 435 1616 possint
455 1542 727 1618 intellegi.
805 1541 1006 1619 Itaque
1028 1542 1256 1599 dicebat
1283 1540 1605 1599 Carneades
1625 1562 1697 1600 ne
1718 1541 1899 1619 Apol-

212 1622 387 1677 linem
432 1622 659 1698 quidem
705 1622 902 1679 futura
941 1642 1110 1699 posse
1153 1622 1355 1692 dicere,
1390 1623 1502 1678 nisi
1536 1640 1618 1694 ea,
1651 1641 1898 1699 quorum

212 1722 407 1758 causas
436 1709 636 1759 natura
663 1702 744 1759 ita
772 1703 1106 1774 contineret,
1129 1708 1196 1760 ut
1224 1723 1291 1761 ea
1316 1701 1439 1760 fieri
1467 1722 1693 1760 necesse
1730 1712 1892 1761 esset.

215 1789 305 1839 33.
353 1781 507 1850 Quid
540 1783 693 1839 enim
718 1791 979 1859 spectans
1001 1783 1142 1840 deus
1163 1783 1286 1860 ipse
1308 1783 1521 1840 diceret
1545 1783 1892 1855 Marcellum,

212 1881 359 1933 eum,
398 1863 498 1939 qui
537 1869 624 1919 ter
679 1862 874 1919 consul
916 1864 1048 1933 fuit,
1085 1865 1143 1919 in
1188 1864 1331 1919 mari
1380 1882 1500 1921 esse
1539 1864 1896 1940 periturqu

211 1941 349 1997 Erat
377 1941 485 1998 hoc
516 1942 745 2019 quidem
780 1962 977 1999 verum
1007 1962 1075 2000 ex
1105 1943 1454 2014 aeternitate,
1479 1944 1579 2001 sed
1608 1963 1804 2001 causas
1831 1944 1895 2001 id

212 2020 517 2078 efficientes
562 2042 677 2079 non
711 2022 973 2080 habebat.
1059 2022 1151 2080 Ita
1194 2043 1265 2080 ne
1314 2024 1617 2099 praeterita
1661 2023 1894 2100 quidem

211 2121 292 2171 ea,
326 2120 567 2178 quorum
602 2102 757 2159 nulla
791 2104 954 2179 signa
985 2109 1279 2180 tamquam
1315 2103 1555 2179 vestigia
1588 2111 1892 2176 exstarent,

212 2182 470 2258 Apollini
493 2190 632 2239 nota
660 2203 778 2240 6556
801 2183 1082 2254 censebat,
1107 2203 1221 2260 quo
1243 2182 1434 2240 minus
1455 2184 1682 2241 futura!
1750 2183 1895 2240 Cau-

211 2263 286 2318 sis
328 2263 482 2318 enim
524 2262 898 2319 efficientibus
941 2282 1227 2340 quamque
1267 2283 1387 2320 rem
1438 2264 1685 2339 cognitis
1725 2282 1894 2339 posse

210 2342 457 2418 denique
492 2343 620 2400 sciri
650 2342 789 2419 quid
818 2343 1078 2399 futurum
1114 2350 1275 2400 esset.
1362 2343 1517 2419 Ergo
1551 2363 1654 2400 nec
1685 2344 1756 2400 de
1785 2343 1895 2401 Oe-

210 2422 424 2499 dipode
444 2424 698 2499 potuisse
720 2422 1051 2498 Apollinem
1073 2423 1398 2499 praedicere
1426 2422 1597 2479 nullis
1620 2423 1680 2480 in
1703 2442 1892 2480 rerum

210 2510 412 2559 natura
446 2503 627 2560 causis
660 2503 1016 2579 praepositiS,
1049 2522 1151 2559 cur
1183 2503 1254 2560 ab
1289 2522 1356 2559 eo
1390 2511 1611 2579 patrem
1646 2502 1894 2560 interfici

208 2601 436 2639 necesse
465 2591 628 2653 esset,
656 2602 759 2640 nec
790 2583 1095 2658 quicquam
1126 2584 1246 2639 eius
1274 2583 1449 2640 modi.

290 2663 425 2721 XV.
471 2662 765 2733 Quocirca,
798 2663 845 2719 si
875 2662 1099 2732 Stoicis,
1134 2664 1233 2739 qui
1268 2663 1462 2719 omnia
1494 2663 1618 2719 fato
1652 2661 1774 2718 fieri
1809 2662 1892 2719 di·

210 2749 363 2813 cunt,
396 2750 841 2800 consentaneum
884 2749 971 2799 est
1001 2742 1174 2799 huius
1214 2743 1375 2799 modi
1419 2741 1645 2799 oracula
1685 2748 1893 2799 cetera·

211 2841 336 2896 que,
364 2841 506 2897 quae
540 2822 614 2879 ad
647 2823 1060 2879 divinationem
1096 2824 1379 2899 pertinere
1421 2823 1707 2891 dicuntur,
1739 2841 1893 2879 com-

209 2899 465 2975 probare,
490 2902 561 2956 iis
589 2908 798 2971 autem,
824 2903 937 2978 qui,
965 2921 1108 2978 quae
1130 2903 1327 2959 futura
1355 2909 1503 2971 sunt,
1525 2923 1592 2959 ea
1619 2922 1749 2959 vera
1770 2922 1892 2960 6556

210 2998 279 3033 ex
309 2980 640 3036 aeternitate
686 2981 901 3051 dicunt,
927 3001 1043 3036 non
1090 2982 1245 3039 idem
1291 2983 1598 3039 dicendum
1633 2989 1734 3054 est,
1760 2982 1892 3040 vide

211 3076 283 3113 ne
316 3075 433 3111 non
468 3057 665 3114 eadem
701 3060 774 3114 sit
806 3059 1035 3115 illorum
1078 3081 1248 3118 causa
1288 3070 1346 3119 et
1380 3062 1723 3120 Stoicorum.⁴
1807 3062 1887 3120 Hi

210 3135 365 3191 enim
407 3144 682 3208 urgentur
722 3139 1034 3212 angustiuS,
1067 3139 1295 3198 illorum
1328 3142 1475 3199 ratio
1511 3142 1698 3200 soluta
1729 3161 1794 3199 ac
1829 3142 1891 3200 li-

119 3269 223 3353 k
