2205 3431
707 145 843 195 Lm.
873 146 938 205 1.,
964 144 1122 194 cAP.
1150 144 1352 206 11.-v.,
1377 143 1405 203 ς
1430 145 1575 193 4-11.
1932 146 1982 193 ‚7

295 238 433 305 dam
467 246 681 324 putavi,
711 246 909 323 magni
942 245 1275 303 existimans
1307 245 1576 302 interesse
1610 244 1685 301 ad
1717 243 1891 301 decus
1925 251 1983 301 et

295 328 372 385 ad
395 328 620 384 laudem
651 327 899 383 civitatis
926 345 1017 382 res
1038 335 1160 382 tam
1188 344 1386 401 graves
1408 332 1641 401 tamque
1669 323 1983 400 praeclaras

296 407 519 464 Latinis
549 408 721 464 etiam
751 406 957 463 litteris
985 405 1283 462 contineri.
1309 392 1405 481 fi.
1443 404 1644 481 quue
1673 423 1765 460 me
1793 404 1984 461 minus

296 490 554 547 instituti
578 489 692 546 mei
715 488 989 565 paenitet,
1012 487 1170 563 quod
1189 486 1356 544 facile
1378 486 1562 544 sentio
1587 505 1758 562 quam
1777 485 1984 543 multo-

300 589 426 626 rum
461 588 579 626 non
612 568 790 626 modo
825 567 1100 637 discendi,
1127 568 1227 624 sed
1260 567 1433 624 etiam
1466 566 1752 623 scribendi
1794 565 1985 622 studia

295 648 726 706 commoverim.
822 646 1164 724 Complures
1206 647 1359 703 enim
1401 646 1633 703 Graecis
1672 646 1985 704 institutio-

242 788 249 797 ,
295 729 469 785 nibus
510 728 721 785 eruditi
762 746 844 797 ea,
877 746 1022 803 quae
1064 726 1399 796 didicerant,
1431 745 1564 783 cum
1604 725 1824 783 civibus
1866 725 1984 782 suis

296 808 723 866 communicare
751 826 868 863 non
898 813 1182 883 poterant,
1205 806 1362 883 quod
1382 805 1495 875 illa,
1521 825 1664 882 quae
1692 825 1726 862 a
1752 806 1983 862 Graecis

295 889 664 964 accepissent,
696 886 898 944 Latine
942 886 1056 943 dici
1097 905 1266 963 posse
1314 885 1652 943 diffiderent.
1749 884 1878 954 Quo
1920 886 1981 942 in

295 987 505 1044 genere
545 974 773 1025 tantum
816 966 1129 1043 profecisse
1163 966 1440 1036 videmur,
1465 973 1531 1022 ut
1571 984 1606 1031 a
1607 964 1880 1043 ⁴,stirace-ists·
1909 984 1982 1021 nc

295 1047 607 1105 verborum
663 1046 896 1124 quidem
951 1047 1120 1122 copia
1163 1046 1533 1103 vinceremur.
1634 1051 1686 1102 9.
1732 1045 1984 1102 Hortata

295 1128 474 1184 etiam
504 1134 606 1198 est,
626 1134 693 1205 ut
782 1146 813 1184 e
841 1126 914 1183 ad
943 1125 1083 1184 haec
1112 1126 1449 1195 conferrem,
1474 1125 1591 1202 anit
1633 1127 1651 1181 i
1680 1125 1990 1217 aegritudo
2003 1154 2016 1183 ι

294 1208 564 1265 fortunae
604 1208 662 1263 m
699 1226 815 1284 gna
855 1213 915 1264 et
954 1206 1114 1283 gravi
1157 1213 1449 1263 commota
1487 1205 1710 1275 iniuria,
1731 1206 1893 1262 cuius
1934 1225 1982 1261 sr

295 1287 574 1344 maiorem
603 1287 851 1364 aliquam
874 1287 1215 1344 levationem
1240 1286 1484 1362 reperire
1506 1286 1839 1362 potuissem,
1863 1304 1980 1342 non

295 1367 370 1423 ad
392 1367 539 1425 hanc
560 1367 928 1444 potissimum
950 1365 1358 1443 confugisseh.
1421 1366 1506 1422 Ea
1527 1385 1660 1423 vero
1681 1366 1807 1442 ipsa
1827 1364 1983 1422 nulla

292 1447 518 1504 ratione
550 1446 757 1503 melius
789 1447 906 1503 frui
934 1447 1117 1523 potui,
1144 1465 1316 1523 quam
1346 1446 1393 1502 si
1421 1465 1514 1503 me
1542 1465 1658 1502 non
1687 1445 1864 1502 modo
1907 1446 1982 1502 ad

295 1527 571 1603 legendos
612 1527 803 1597 libros,
836 1526 932 1583 sed
986 1526 1162 1583 etiam
1210 1527 1285 1583 ad
1325 1533 1508 1583 totam
1551 1525 1980 1602 philosophiam

295 1607 753 1683 pertractandam
785 1606 1084 1664 dedissem.
1170 1605 1389 1664 Omnes
1422 1613 1612 1663 autem
1642 1606 1764 1662 eius
1790 1612 1982 1682 partes

295 1694 469 1765 atquc
498 1687 694 1746 omnia
726 1686 984 1745 membra
1015 1693 1141 1744 tum
1175 1686 1450 1744 facillime
1491 1691 1822 1757 noscuntur,
1848 1705 1979 1743 cum

294 1776 453 1825 totae
488 1768 850 1845 quaestiones
892 1766 1194 1824 scribendo
1230 1767 1601 1844 explicantur.
1687 1766 1792 1824 Est
1825 1767 1980 1824 enim

293 1847 647 1905 admirabilis
670 1847 950 1924 quaedam
978 1848 1340 1905 continuatio
1370 1848 1655 1924 seriesque
1682 1866 1890 1917 rerum,
1914 1855 1982 1904 ut

293 1928 407 1985 alia
434 1948 502 1986 ex
532 1928 643 1985 alia
673 1947 825 1985 nexa
857 1936 916 1985 ct
949 1947 1150 1985 omnes
1181 1929 1333 1984 inter
1360 1947 1419 1984 se
1453 1937 1620 2004 aptae
1662 1927 1982 2004 colligatae-

294 2028 406 2084 que
433 2008 748 2066 videantur.
836 2008 909 2065 V.
1000 2014 1090 2065 10.
1137 2007 1253 2077 Qui
1281 2015 1471 2064 autem
1507 2007 1805 2084 requirunt
1839 2007 1981 2083 quid

295 2107 519 2165 quaque
564 2088 636 2146 de
689 2108 746 2144 re
794 2088 904 2164 ipsi
955 2088 1284 2158 sentiamuS,
1321 2087 1599 2145 curiosius
1642 2087 1705 2144 id
1757 2088 1981 2144 faciunt

294 2187 466 2245 quam
496 2186 723 2225 necesse
752 2177 852 2225 est.
922 2167 1057 2224 Non
1086 2168 1241 2224 enim
1269 2175 1389 2225 tam
1420 2175 1679 2224 auctores
1700 2167 1981 2244 in-dispu-

290 2248 471 2305 tando
494 2267 666 2325 quam
688 2247 927 2305 rationis
946 2255 1243 2305 momenta
1265 2247 1585 2325 quaerenda
1607 2255 1756 2304 sunt.
1825 2246 1996 2318 Quin„
2039 2307 2052 2338 ,⁴

292 2328 467 2385 etiam
503 2328 667 2385 obest
694 2328 1031 2405 plerumque
1058 2328 1147 2399 iis,
1170 2328 1270 2405 qui
1302 2328 1518 2384 discere
1546 2327 1718 2384 volun
1749 2372 1762 2398 ,
1787 2329 2022 2384 aucto-

290 2409 430 2465 ritas
448 2427 664 2479 eorum,
691 2408 789 2484 qui
812 2427 871 2465 se
893 2408 1096 2465 docere
1118 2407 1494 2485 profitentur:
1530 2407 1801 2465 desinunt
1823 2407 1977 2464 enim

292 2508 461 2545 suum
504 2488 780 2545 iudicium
825 2488 1113 2558 adhibere,
1146 2488 1208 2544 id
1241 2487 1456 2545 habent
1489 2494 1694 2557 ratum,
1720 2488 1878 2564 quod
1905 2487 1978 2545 ab

291 2587 377 2639 cO,
404 2587 575 2645 quem
602 2568 867 2645 probant,
892 2568 1211 2625 iudicatum
1238 2568 1453 2624 vident.
1539 2567 1661 2624 Nec
1691 2586 1824 2624 vero
1851 2586 1981 2644 pro-

288 2648 426 2704 bare
459 2647 614 2705 soleo
649 2647 727 2717 id,
754 2648 911 2724 quod
944 2648 1016 2705 de
1050 2647 1436 2724 Pythagoreis
1468 2646 1808 2722 accepimuS,
1835 2665 1980 2724 quos

290 2729 502 2798 ferunt,
536 2728 583 2785 si
631 2728 772 2804 quid
814 2727 1183 2785 adfirmarent
1224 2728 1285 2784 in
1328 2726 1695 2802 disputandO,
1727 2746 1858 2784 cum
1909 2746 1979 2784 cx

291 2808 362 2864 iis
404 2815 785 2884 quaereretur,
811 2827 924 2884 qua
956 2828 1015 2865 re
1048 2808 1132 2865 ita
1164 2813 1328 2876 esset,
1352 2806 1696 2884 respondere
1738 2806 1976 2864 solitos:

289 2887 424 2960 Ipse
444 2888 608 2945 dixit.
671 2888 704 2914 “
726 2886 856 2963 Ipse
876 2887 909 2914 ”
934 2895 1125 2944 autem
1150 2894 1270 2943 erat
1292 2886 1668 2963 Pythagoras
1726 2886 1977 2945 Tantum

291 2967 490 3043 opinio
513 2967 902 3043 praeiudicata
928 2973 1171 3044 poterat,
1195 2973 1260 3023 ut
1288 2967 1463 3023 etiam
1494 2967 1616 3023 sine
1644 2967 1866 3024 ratione
1887 2986 1980 3022 va-

290 3047 432 3105 leret
452 3048 776 3105 auctoritaS.
850 3052 877 3103 1
890 3052 941 3104 1.
979 3045 1093 3115 Qui
1117 3054 1309 3103 autem
1330 3045 1685 3101 admirantur
1704 3064 1811 3101 nos
1832 3044 1979 3100 hanc

290 3127 656 3204 potissimum
687 3125 1050 3204 disciplinam
1079 3133 1320 3194 secutOS,
1344 3124 1436 3180 his
1465 3130 1735 3199 quattuor
1760 3121 1979 3178 Acade-

290 3207 456 3265 micis
490 3207 648 3263 libris
682 3206 819 3263 satis
855 3223 1191 3276 responsum
1229 3202 1468 3259 videtur.
1555 3200 1676 3255 Nec
1710 3218 1844 3253 vero
1885 3198 1977 3251 de·

2003 3273 2046 3307 A.
