<?xml version="1.0" encoding="UTF-8"?>
<!DOCTYPE html PUBLIC "-//W3C//DTD XHTML 1.0 Transitional//EN"
    "http://www.w3.org/TR/xhtml1/DTD/xhtml1-transitional.dtd">
<html xmlns="http://www.w3.org/1999/xhtml" xml:lang="en" lang="en">
 <head>
  <title>
</title>
<meta http-equiv="Content-Type" content="text/html;charset=utf-8" />
  <meta name='ocr-system' content='tesseract 3.04.00' />
  <meta name='ocr-capabilities' content='ocr_page ocr_carea ocr_par ocr_line ocrx_word'/>
</head>
<body>
  <div class='ocr_page' id='page_1' title='image "./defato00cicegoog_0277.png"; bbox 0 0 2205 3431; ppageno 0'>
   <div class='ocr_carea' id='block_1_1' title="bbox 736 100 2020 164">
    <p class='ocr_par' dir='ltr' id='par_1_1' title="bbox 736 100 2020 164">
     <span class='ocr_line' id='line_1_1' title="bbox 736 100 2020 164; baseline 0.002 -15"><span class='ocrx_word' id='word_1_1' title='bbox 736 101 892 150; x_wconf 82' lang='lat' dir='ltr'>oAP.</span> <span class='ocrx_word' id='word_1_2' title='bbox 921 100 1343 164; x_wconf 84' lang='lat' dir='ltr'>xv1.-xv111.,</span> <span class='ocrx_word' id='word_1_3' title='bbox 1376 101 1404 161; x_wconf 62' lang='grc' dir='ltr'><strong>ς</strong></span> <span class='ocrx_word' id='word_1_4' title='bbox 1428 103 1635 151; x_wconf 58' lang='grc' dir='ltr'>,πῖ-42.-</span> <span class='ocrx_word' id='word_1_5' title='bbox 1924 106 2020 152; x_wconf 83' lang='lat'>267</span> 
     </span>
    </p>
   </div>
   <div class='ocr_carea' id='block_1_2' title="bbox 317 201 2018 3235">
    <p class='ocr_par' dir='ltr' id='par_1_2' title="bbox 326 201 2018 1476">
     <span class='ocr_line' id='line_1_2' title="bbox 336 201 2014 277; baseline 0.001 -18"><span class='ocrx_word' id='word_1_6' title='bbox 336 202 490 259; x_wconf 90' lang='lat' dir='ltr'>enim</span> <span class='ocrx_word' id='word_1_7' title='bbox 525 208 741 258; x_wconf 89' lang='lat' dir='ltr'>veteres</span> <span class='ocrx_word' id='word_1_8' title='bbox 769 201 868 272; x_wconf 91' lang='lat' dir='ltr'>illi,</span> <span class='ocrx_word' id='word_1_9' title='bbox 896 201 1104 277; x_wconf 88' lang='lat' dir='ltr'>quibus</span> <span class='ocrx_word' id='word_1_10' title='bbox 1133 202 1329 258; x_wconf 91' lang='lat' dir='ltr'>omnia</span> <span class='ocrx_word' id='word_1_11' title='bbox 1354 201 1480 259; x_wconf 86' lang='lat' dir='ltr'>fato</span> <span class='ocrx_word' id='word_1_12' title='bbox 1508 202 1630 259; x_wconf 89' lang='lat' dir='ltr'>fieri</span> <span class='ocrx_word' id='word_1_13' title='bbox 1658 203 2014 276; x_wconf 83' lang='lat' dir='ltr'>videbantur,</span> 
     </span>
     <span class='ocr_line' id='line_1_3' title="bbox 334 279 2017 350; baseline 0.001 -12"><span class='ocrx_word' id='word_1_14' title='bbox 334 283 391 338; x_wconf 88' lang='lat' dir='ltr'>vi</span> <span class='ocrx_word' id='word_1_15' title='bbox 431 280 576 338; x_wconf 87' lang='lat' dir='ltr'>effici</span> <span class='ocrx_word' id='word_1_16' title='bbox 611 287 669 338; x_wconf 89' lang='lat' dir='ltr'>et</span> <span class='ocrx_word' id='word_1_17' title='bbox 702 282 1036 338; x_wconf 77' lang='lat' dir='ltr'>necessitate</span> <span class='ocrx_word' id='word_1_18' title='bbox 1078 279 1361 339; x_wconf 89' lang='lat' dir='ltr'>dicebant.</span> <span class='ocrx_word' id='word_1_19' title='bbox 1448 280 1562 350; x_wconf 81' lang='lat' dir='ltr'>Qui</span> <span class='ocrx_word' id='word_1_20' title='bbox 1596 289 1788 340; x_wconf 90' lang='lat' dir='ltr'>autem</span> <span class='ocrx_word' id='word_1_21' title='bbox 1821 282 1893 341; x_wconf 92' lang='lat' dir='ltr'>ab</span> <span class='ocrx_word' id='word_1_22' title='bbox 1927 284 2017 340; x_wconf 92' lang='lat' dir='ltr'>his</span> 
     </span>
     <span class='ocr_line' id='line_1_4' title="bbox 334 361 2017 439; baseline 0.001 -21"><span class='ocrx_word' id='word_1_23' title='bbox 334 361 762 432; x_wconf 77' lang='lat' dir='ltr'>dissentiebant,</span> <span class='ocrx_word' id='word_1_24' title='bbox 793 361 917 417; x_wconf 86' lang='lat' dir='ltr'>fato</span> <span class='ocrx_word' id='word_1_25' title='bbox 951 361 1317 418; x_wconf 84' lang='lat' dir='ltr'>adsensiones</span> <span class='ocrx_word' id='word_1_26' title='bbox 1350 361 1668 419; x_wconf 88' lang='lat' dir='ltr'>liberabant</span> <span class='ocrx_word' id='word_1_27' title='bbox 1708 363 2017 439; x_wconf 84' lang='lat' dir='ltr'>negabant-</span> 
     </span>
     <span class='ocr_line' id='line_1_5' title="bbox 334 440 2018 518; baseline 0.001 -21"><span class='ocrx_word' id='word_1_28' title='bbox 334 461 443 518; x_wconf 91' lang='lat' dir='ltr'>que</span> <span class='ocrx_word' id='word_1_29' title='bbox 477 442 601 498; x_wconf 84' lang='lat' dir='ltr'>fato</span> <span class='ocrx_word' id='word_1_30' title='bbox 636 440 1071 498; x_wconf 87' lang='lat' dir='ltr'>adsensionibus</span> <span class='ocrx_word' id='word_1_31' title='bbox 1106 440 1365 497; x_wconf 87' lang='lat' dir='ltr'>adhibito</span> <span class='ocrx_word' id='word_1_32' title='bbox 1399 443 1797 499; x_wconf 87' lang='lat' dir='ltr'>necessitatem</span> <span class='ocrx_word' id='word_1_33' title='bbox 1826 442 1897 499; x_wconf 92' lang='lat' dir='ltr'>ab</span> <span class='ocrx_word' id='word_1_34' title='bbox 1925 443 2018 499; x_wconf 89' lang='lat' dir='ltr'>his</span> 
     </span>
     <span class='ocr_line' id='line_1_6' title="bbox 332 520 2014 597; baseline 0.001 -20"><span class='ocrx_word' id='word_1_35' title='bbox 332 540 499 597; x_wconf 88' lang='lat' dir='ltr'>posse</span> <span class='ocrx_word' id='word_1_36' title='bbox 532 520 826 591; x_wconf 87' lang='lat' dir='ltr'>removeri,</span> <span class='ocrx_word' id='word_1_37' title='bbox 851 521 1007 597; x_wconf 92' lang='lat' dir='ltr'>iique</span> <span class='ocrx_word' id='word_1_38' title='bbox 1034 521 1118 577; x_wconf 82' lang='lat' dir='ltr'>ita</span> <span class='ocrx_word' id='word_1_39' title='bbox 1146 520 1531 577; x_wconf 86' lang='lat' dir='ltr'>disserebant:</span> <span class='ocrx_word' id='word_1_40' title='bbox 1575 520 1638 578; x_wconf 83' lang='lat' dir='ltr'>Si</span> <span class='ocrx_word' id='word_1_41' title='bbox 1668 523 1864 578; x_wconf 91' lang='lat' dir='ltr'>omnia</span> <span class='ocrx_word' id='word_1_42' title='bbox 1889 524 2014 579; x_wconf 82' lang='lat' dir='ltr'>fato</span> 
     </span>
     <span class='ocr_line' id='line_1_7' title="bbox 331 599 2011 678; baseline 0.001 -22"><span class='ocrx_word' id='word_1_43' title='bbox 331 600 493 667; x_wconf 87' lang='lat' dir='ltr'>fiunt,</span> <span class='ocrx_word' id='word_1_44' title='bbox 519 601 713 657; x_wconf 82' lang='lat' dir='ltr'>onmia</span> <span class='ocrx_word' id='word_1_45' title='bbox 739 599 889 657; x_wconf 91' lang='lat' dir='ltr'>fiunt</span> <span class='ocrx_word' id='word_1_46' title='bbox 922 619 1089 657; x_wconf 88' lang='lat' dir='ltr'>causa</span> <span class='ocrx_word' id='word_1_47' title='bbox 1118 601 1505 671; x_wconf 85' lang='lat' dir='ltr'>antecedente,</span> <span class='ocrx_word' id='word_1_48' title='bbox 1531 607 1604 671; x_wconf 88' lang='lat' dir='ltr'>et,</span> <span class='ocrx_word' id='word_1_49' title='bbox 1630 602 1676 658; x_wconf 90' lang='lat' dir='ltr'>si</span> <span class='ocrx_word' id='word_1_50' title='bbox 1706 602 2011 678; x_wconf 88' lang='lat' dir='ltr'>appetit-us,</span> 
     </span>
     <span class='ocr_line' id='line_1_8' title="bbox 331 680 2017 758; baseline 0.001 -22"><span class='ocrx_word' id='word_1_51' title='bbox 331 681 427 737; x_wconf 87' lang='lat' dir='ltr'>illa</span> <span class='ocrx_word' id='word_1_52' title='bbox 455 682 646 752; x_wconf 83' lang='lat' dir='ltr'>etiam,</span> <span class='ocrx_word' id='word_1_53' title='bbox 673 699 815 757; x_wconf 91' lang='lat' dir='ltr'>quae</span> <span class='ocrx_word' id='word_1_54' title='bbox 845 680 1167 756; x_wconf 89' lang='lat' dir='ltr'>appetitum</span> <span class='ocrx_word' id='word_1_55' title='bbox 1197 687 1527 756; x_wconf 90' lang='lat' dir='ltr'>sequuntur,</span> <span class='ocrx_word' id='word_1_56' title='bbox 1553 700 1688 758; x_wconf 83' lang='lat' dir='ltr'>ergo</span> <span class='ocrx_word' id='word_1_57' title='bbox 1718 683 1891 738; x_wconf 90' lang='lat' dir='ltr'>etiam</span> <span class='ocrx_word' id='word_1_58' title='bbox 1921 682 2017 738; x_wconf 87' lang='lat' dir='ltr'>ad-</span> 
     </span>
     <span class='ocr_line' id='line_1_9' title="bbox 332 760 2016 836; baseline 0.001 -20"><span class='ocrx_word' id='word_1_59' title='bbox 332 761 636 818; x_wconf 71' lang='lat' dir='ltr'>sensiones</span> <span class='ocrx_word' id='word_1_60' title='bbox 720 760 820 830; x_wconf 90' lang='lat' dir='ltr'>At,</span> <span class='ocrx_word' id='word_1_61' title='bbox 846 760 893 815; x_wconf 90' lang='lat' dir='ltr'>si</span> <span class='ocrx_word' id='word_1_62' title='bbox 923 778 1090 816; x_wconf 91' lang='lat' dir='ltr'>causa</span> <span class='ocrx_word' id='word_1_63' title='bbox 1118 761 1408 836; x_wconf 88' lang='lat' dir='ltr'>appetitus</span> <span class='ocrx_word' id='word_1_64' title='bbox 1436 780 1554 817; x_wconf 94' lang='lat' dir='ltr'>non</span> <span class='ocrx_word' id='word_1_65' title='bbox 1584 768 1670 818; x_wconf 89' lang='lat' dir='ltr'>est</span> <span class='ocrx_word' id='word_1_66' title='bbox 1698 761 1808 818; x_wconf 87' lang='lat' dir='ltr'>sita</span> <span class='ocrx_word' id='word_1_67' title='bbox 1834 761 1895 818; x_wconf 90' lang='lat' dir='ltr'>in</span> <span class='ocrx_word' id='word_1_68' title='bbox 1916 781 2016 818; x_wconf 89' lang='lat' dir='ltr'>no-</span> 
     </span>
     <span class='ocr_line' id='line_1_10' title="bbox 330 839 2010 917; baseline 0.001 -21"><span class='ocrx_word' id='word_1_69' title='bbox 330 839 435 911; x_wconf 81' lang='lat' dir='ltr'>bis,</span> <span class='ocrx_word' id='word_1_70' title='bbox 459 859 532 897; x_wconf 92' lang='lat' dir='ltr'>ne</span> <span class='ocrx_word' id='word_1_71' title='bbox 561 840 684 916; x_wconf 92' lang='lat' dir='ltr'>ipse</span> <span class='ocrx_word' id='word_1_72' title='bbox 714 839 946 916; x_wconf 91' lang='lat' dir='ltr'>quidem</span> <span class='ocrx_word' id='word_1_73' title='bbox 969 840 1260 915; x_wconf 88' lang='lat' dir='ltr'>appetitus</span> <span class='ocrx_word' id='word_1_74' title='bbox 1290 848 1377 896; x_wconf 89' lang='lat' dir='ltr'>est</span> <span class='ocrx_word' id='word_1_75' title='bbox 1403 840 1463 897; x_wconf 92' lang='lat' dir='ltr'>in</span> <span class='ocrx_word' id='word_1_76' title='bbox 1495 848 1689 898; x_wconf 87' lang='lat' dir='ltr'>nostra</span> <span class='ocrx_word' id='word_1_77' title='bbox 1709 847 2010 917; x_wconf 85' lang='lat' dir='ltr'>potestate.</span> 
     </span>
     <span class='ocr_line' id='line_1_11' title="bbox 331 918 2015 997; baseline 0.001 -21"><span class='ocrx_word' id='word_1_78' title='bbox 331 918 502 988; x_wconf 79' lang='lat' dir='ltr'>Quod</span> <span class='ocrx_word' id='word_1_79' title='bbox 535 921 582 976; x_wconf 88' lang='lat' dir='ltr'>si</span> <span class='ocrx_word' id='word_1_80' title='bbox 610 921 692 977; x_wconf 91' lang='lat' dir='ltr'>ita</span> <span class='ocrx_word' id='word_1_81' title='bbox 725 925 828 991; x_wconf 86' lang='lat' dir='ltr'>est,</span> <span class='ocrx_word' id='word_1_82' title='bbox 858 939 930 976; x_wconf 94' lang='lat' dir='ltr'>ne</span> <span class='ocrx_word' id='word_1_83' title='bbox 964 919 1060 976; x_wconf 87' lang='lat' dir='ltr'>illa</span> <span class='ocrx_word' id='word_1_84' title='bbox 1096 919 1346 995; x_wconf 90' lang='lat' dir='ltr'>quidem,</span> <span class='ocrx_word' id='word_1_85' title='bbox 1374 939 1517 996; x_wconf 88' lang='lat' dir='ltr'>quae</span> <span class='ocrx_word' id='word_1_86' title='bbox 1551 921 1814 997; x_wconf 85' lang='lat' dir='ltr'>appetitu</span> <span class='ocrx_word' id='word_1_87' title='bbox 1848 921 2015 978; x_wconf 89' lang='lat' dir='ltr'>effici-</span> 
     </span>
     <span class='ocr_line' id='line_1_12' title="bbox 329 998 2013 1078; baseline 0.001 -22"><span class='ocrx_word' id='word_1_88' title='bbox 329 1007 519 1070; x_wconf 90' lang='lat' dir='ltr'>untur,</span> <span class='ocrx_word' id='word_1_89' title='bbox 557 1006 691 1056; x_wconf 91' lang='lat' dir='ltr'>sunt</span> <span class='ocrx_word' id='word_1_90' title='bbox 732 1000 842 1056; x_wconf 90' lang='lat' dir='ltr'>sita</span> <span class='ocrx_word' id='word_1_91' title='bbox 881 999 940 1056; x_wconf 89' lang='lat' dir='ltr'>in</span> <span class='ocrx_word' id='word_1_92' title='bbox 984 998 1168 1055; x_wconf 78' lang='lat' dir='ltr'>nobis,</span> <span class='ocrx_word' id='word_1_93' title='bbox 1257 998 1393 1055; x_wconf 92' lang='lat' dir='ltr'>Non</span> <span class='ocrx_word' id='word_1_94' title='bbox 1436 1006 1571 1056; x_wconf 91' lang='lat' dir='ltr'>sunt</span> <span class='ocrx_word' id='word_1_95' title='bbox 1610 1001 1789 1076; x_wconf 82' lang='lat' dir='ltr'>igitur</span> <span class='ocrx_word' id='word_1_96' title='bbox 1828 1019 2013 1078; x_wconf 90' lang='lat' dir='ltr'>neque</span> 
     </span>
     <span class='ocr_line' id='line_1_13' title="bbox 329 1079 2013 1156; baseline 0.001 -20"><span class='ocrx_word' id='word_1_97' title='bbox 329 1080 695 1136; x_wconf 89' lang='lat' dir='ltr'>adsensiones</span> <span class='ocrx_word' id='word_1_98' title='bbox 728 1098 913 1156; x_wconf 90' lang='lat' dir='ltr'>neque</span> <span class='ocrx_word' id='word_1_99' title='bbox 947 1079 1200 1135; x_wconf 85' lang='lat' dir='ltr'>actiones</span> <span class='ocrx_word' id='word_1_100' title='bbox 1227 1079 1288 1134; x_wconf 94' lang='lat' dir='ltr'>in</span> <span class='ocrx_word' id='word_1_101' title='bbox 1317 1086 1513 1136; x_wconf 87' lang='lat' dir='ltr'>nostra</span> <span class='ocrx_word' id='word_1_102' title='bbox 1539 1086 1839 1156; x_wconf 89' lang='lat' dir='ltr'>potestate.</span> <span class='ocrx_word' id='word_1_103' title='bbox 1925 1081 2013 1137; x_wconf 88' lang='lat' dir='ltr'>Ex</span> 
     </span>
     <span class='ocr_line' id='line_1_14' title="bbox 330 1158 2013 1236; baseline 0.002 -21"><span class='ocrx_word' id='word_1_104' title='bbox 330 1176 444 1236; x_wconf 91' lang='lat' dir='ltr'>quo</span> <span class='ocrx_word' id='word_1_105' title='bbox 479 1158 721 1217; x_wconf 87' lang='lat' dir='ltr'>efficitur</span> <span class='ocrx_word' id='word_1_106' title='bbox 752 1166 819 1216; x_wconf 90' lang='lat' dir='ltr'>ut</span> <span class='ocrx_word' id='word_1_107' title='bbox 850 1178 955 1216; x_wconf 91' lang='lat' dir='ltr'>nec</span> <span class='ocrx_word' id='word_1_108' title='bbox 984 1158 1341 1216; x_wconf 86' lang='lat' dir='ltr'>laudationes</span> <span class='ocrx_word' id='word_1_109' title='bbox 1375 1159 1556 1220; x_wconf 85' lang='lat' dir='ltr'>iustae</span> <span class='ocrx_word' id='word_1_110' title='bbox 1591 1159 1708 1216; x_wconf 91' lang='lat' dir='ltr'>sint</span> <span class='ocrx_word' id='word_1_111' title='bbox 1733 1179 1839 1217; x_wconf 90' lang='lat' dir='ltr'>nec</span> <span class='ocrx_word' id='word_1_112' title='bbox 1867 1161 2013 1218; x_wconf 90' lang='lat' dir='ltr'>vitu-</span> 
     </span>
     <span class='ocr_line' id='line_1_15' title="bbox 328 1238 2009 1315; baseline 0.001 -19"><span class='ocrx_word' id='word_1_113' title='bbox 328 1240 650 1315; x_wconf 88' lang='lat' dir='ltr'>perationes</span> <span class='ocrx_word' id='word_1_114' title='bbox 693 1258 798 1296; x_wconf 90' lang='lat' dir='ltr'>nec</span> <span class='ocrx_word' id='word_1_115' title='bbox 842 1238 1090 1295; x_wconf 89' lang='lat' dir='ltr'>honores</span> <span class='ocrx_word' id='word_1_116' title='bbox 1135 1257 1239 1296; x_wconf 90' lang='lat' dir='ltr'>nec</span> <span class='ocrx_word' id='word_1_117' title='bbox 1287 1239 1581 1315; x_wconf 90' lang='lat' dir='ltr'>supplicia.</span> <span class='ocrx_word' id='word_1_118' title='bbox 1667 1238 1839 1308; x_wconf 79' lang='lat' dir='ltr'>Quod</span> <span class='ocrx_word' id='word_1_119' title='bbox 1880 1259 2009 1297; x_wconf 89' lang='lat' dir='ltr'>cum</span> 
     </span>
     <span class='ocr_line' id='line_1_16' title="bbox 328 1318 2013 1395; baseline 0.001 -20"><span class='ocrx_word' id='word_1_120' title='bbox 328 1320 599 1376; x_wconf 89' lang='lat' dir='ltr'>vitiosum</span> <span class='ocrx_word' id='word_1_121' title='bbox 629 1319 719 1388; x_wconf 92' lang='lat' dir='ltr'>sit,</span> <span class='ocrx_word' id='word_1_122' title='bbox 741 1318 1114 1395; x_wconf 82' lang='lat' dir='ltr'>probabiliter</span> <span class='ocrx_word' id='word_1_123' title='bbox 1142 1318 1405 1376; x_wconf 89' lang='lat' dir='ltr'>concludi</span> <span class='ocrx_word' id='word_1_124' title='bbox 1435 1326 1642 1395; x_wconf 87' lang='lat' dir='ltr'>putant</span> <span class='ocrx_word' id='word_1_125' title='bbox 1670 1339 1788 1376; x_wconf 93' lang='lat' dir='ltr'>non</span> <span class='ocrx_word' id='word_1_126' title='bbox 1818 1322 2013 1377; x_wconf 87' lang='lat' dir='ltr'>omnia</span> 
     </span>
     <span class='ocr_line' id='line_1_17' title="bbox 326 1397 1205 1476; baseline -0.002 -20"><span class='ocrx_word' id='word_1_127' title='bbox 326 1399 451 1463; x_wconf 86' lang='lat' dir='ltr'>fato</span> <span class='ocrx_word' id='word_1_128' title='bbox 479 1398 603 1456; x_wconf 87' lang='lat' dir='ltr'>fieri</span> <span class='ocrx_word' id='word_1_129' title='bbox 631 1417 1021 1476; x_wconf 90' lang='lat' dir='ltr'>quaecumque</span> <span class='ocrx_word' id='word_1_130' title='bbox 1049 1397 1205 1455; x_wconf 90' lang='lat' dir='ltr'>fiant.</span> 
     </span>
    </p>

    <p class='ocr_par' dir='ltr' id='par_1_3' title="bbox 317 1478 2012 3235">
     <span class='ocr_line' id='line_1_18' title="bbox 407 1478 2012 1555; baseline 0 -19"><span class='ocrx_word' id='word_1_131' title='bbox 407 1479 632 1537; x_wconf 92' lang='lat' dir='ltr'><strong>XVIII.</strong></span> <span class='ocrx_word' id='word_1_132' title='bbox 721 1485 814 1536; x_wconf 90' lang='lat'>41.</span> <span class='ocrx_word' id='word_1_133' title='bbox 856 1478 1217 1555; x_wconf 79' lang='lat' dir='ltr'>Chrysippus</span> <span class='ocrx_word' id='word_1_134' title='bbox 1244 1485 1436 1536; x_wconf 87' lang='lat' dir='ltr'>autem</span> <span class='ocrx_word' id='word_1_135' title='bbox 1466 1497 1597 1536; x_wconf 90' lang='lat' dir='ltr'>cum</span> <span class='ocrx_word' id='word_1_136' title='bbox 1628 1485 1686 1537; x_wconf 89' lang='lat' dir='ltr'>et</span> <span class='ocrx_word' id='word_1_137' title='bbox 1713 1480 2012 1536; x_wconf 89' lang='lat' dir='ltr'>necessita-</span> 
     </span>
     <span class='ocr_line' id='line_1_19' title="bbox 325 1558 2011 1636; baseline 0 -20"><span class='ocrx_word' id='word_1_138' title='bbox 325 1565 444 1616; x_wconf 89' lang='lat' dir='ltr'>tem</span> <span class='ocrx_word' id='word_1_139' title='bbox 473 1559 823 1636; x_wconf 88' lang='lat' dir='ltr'>improbaret</span> <span class='ocrx_word' id='word_1_140' title='bbox 852 1565 910 1615; x_wconf 90' lang='lat' dir='ltr'>et</span> <span class='ocrx_word' id='word_1_141' title='bbox 937 1558 1081 1615; x_wconf 90' lang='lat' dir='ltr'>nihil</span> <span class='ocrx_word' id='word_1_142' title='bbox 1111 1558 1282 1615; x_wconf 88' lang='lat' dir='ltr'>vellet</span> <span class='ocrx_word' id='word_1_143' title='bbox 1311 1560 1431 1616; x_wconf 91' lang='lat' dir='ltr'>sine</span> <span class='ocrx_word' id='word_1_144' title='bbox 1458 1560 1800 1636; x_wconf 87' lang='lat' dir='ltr'>praepositis</span> <span class='ocrx_word' id='word_1_145' title='bbox 1828 1561 2011 1616; x_wconf 90' lang='lat' dir='ltr'>causis</span> 
     </span>
     <span class='ocr_line' id='line_1_20' title="bbox 325 1638 2012 1715; baseline 0.001 -19"><span class='ocrx_word' id='word_1_146' title='bbox 325 1639 566 1709; x_wconf 88' lang='lat' dir='ltr'>evenire,</span> <span class='ocrx_word' id='word_1_147' title='bbox 598 1658 894 1696; x_wconf 88' lang='lat' dir='ltr'>causarum</span> <span class='ocrx_word' id='word_1_148' title='bbox 927 1657 1136 1714; x_wconf 85' lang='lat' dir='ltr'>genera</span> <span class='ocrx_word' id='word_1_149' title='bbox 1169 1638 1491 1715; x_wconf 82' lang='lat' dir='ltr'>distinguit,</span> <span class='ocrx_word' id='word_1_150' title='bbox 1523 1646 1590 1696; x_wconf 90' lang='lat' dir='ltr'>ut</span> <span class='ocrx_word' id='word_1_151' title='bbox 1619 1646 1684 1696; x_wconf 84' lang='lat' dir='ltr'>et</span> <span class='ocrx_word' id='word_1_152' title='bbox 1713 1641 2012 1697; x_wconf 90' lang='lat' dir='ltr'>necessita-</span> 
     </span>
     <span class='ocr_line' id='line_1_21' title="bbox 324 1718 2011 1797; baseline 0 -20"><span class='ocrx_word' id='word_1_153' title='bbox 324 1726 443 1777; x_wconf 89' lang='lat' dir='ltr'>tem</span> <span class='ocrx_word' id='word_1_154' title='bbox 478 1720 717 1797; x_wconf 81' lang='lat' dir='ltr'>effugiat</span> <span class='ocrx_word' id='word_1_155' title='bbox 745 1726 802 1776; x_wconf 89' lang='lat' dir='ltr'>et</span> <span class='ocrx_word' id='word_1_156' title='bbox 829 1720 1073 1777; x_wconf 88' lang='lat' dir='ltr'>retineat</span> <span class='ocrx_word' id='word_1_157' title='bbox 1098 1719 1303 1776; x_wconf 90' lang='lat' dir='ltr'>fatum.</span> <span class='ocrx_word' id='word_1_158' title='bbox 1388 1718 1701 1777; x_wconf 83' lang='lat' dir='ltr'>Causarum</span> <span class='ocrx_word' id='word_1_159' title='bbox 1731 1722 1901 1792; x_wconf 91' lang='lat' dir='ltr'>enim,</span> <span class='ocrx_word' id='word_1_160' title='bbox 1927 1722 2011 1777; x_wconf 92' lang='lat' dir='ltr'>in-</span> 
     </span>
     <span class='ocr_line' id='line_1_22' title="bbox 326 1799 2010 1876; baseline 0 -19"><span class='ocrx_word' id='word_1_161' title='bbox 326 1800 467 1876; x_wconf 88' lang='lat' dir='ltr'>quit,</span> <span class='ocrx_word' id='word_1_162' title='bbox 500 1800 641 1857; x_wconf 91' lang='lat' dir='ltr'>aliae</span> <span class='ocrx_word' id='word_1_163' title='bbox 684 1807 818 1857; x_wconf 87' lang='lat' dir='ltr'>sunt</span> <span class='ocrx_word' id='word_1_164' title='bbox 859 1800 1147 1875; x_wconf 85' lang='lat' dir='ltr'>perfectae</span> <span class='ocrx_word' id='word_1_165' title='bbox 1189 1807 1247 1856; x_wconf 91' lang='lat' dir='ltr'>et</span> <span class='ocrx_word' id='word_1_166' title='bbox 1279 1799 1638 1876; x_wconf 80' lang='lat' dir='ltr'>principaleS,</span> <span class='ocrx_word' id='word_1_167' title='bbox 1669 1799 1812 1857; x_wconf 88' lang='lat' dir='ltr'>aliae</span> <span class='ocrx_word' id='word_1_168' title='bbox 1853 1801 2010 1857; x_wconf 88' lang='lat' dir='ltr'>adiu-</span> 
     </span>
     <span class='ocr_line' id='line_1_23' title="bbox 324 1878 2008 1957; baseline 0.001 -21"><span class='ocrx_word' id='word_1_169' title='bbox 324 1886 522 1937; x_wconf 88' lang='lat' dir='ltr'>vantes</span> <span class='ocrx_word' id='word_1_170' title='bbox 567 1887 625 1937; x_wconf 91' lang='lat' dir='ltr'>et</span> <span class='ocrx_word' id='word_1_171' title='bbox 669 1880 978 1957; x_wconf 88' lang='lat' dir='ltr'>proximae.</span> <span class='ocrx_word' id='word_1_172' title='bbox 1064 1878 1250 1946; x_wconf 82' lang='lat' dir='ltr'>Quam</span> <span class='ocrx_word' id='word_1_173' title='bbox 1298 1878 1372 1935; x_wconf 90' lang='lat' dir='ltr'>ob</span> <span class='ocrx_word' id='word_1_174' title='bbox 1416 1899 1537 1936; x_wconf 88' lang='lat' dir='ltr'>rem</span> <span class='ocrx_word' id='word_1_175' title='bbox 1582 1899 1715 1937; x_wconf 90' lang='lat' dir='ltr'>cum</span> <span class='ocrx_word' id='word_1_176' title='bbox 1763 1880 2008 1939; x_wconf 88' lang='lat' dir='ltr'>dicimus</span> 
     </span>
     <span class='ocr_line' id='line_1_24' title="bbox 324 1958 2008 2031; baseline 0.001 -16"><span class='ocrx_word' id='word_1_177' title='bbox 324 1961 518 2017; x_wconf 86' lang='lat' dir='ltr'>omnia</span> <span class='ocrx_word' id='word_1_178' title='bbox 545 1960 668 2018; x_wconf 83' lang='lat' dir='ltr'>fato</span> <span class='ocrx_word' id='word_1_179' title='bbox 697 1959 819 2018; x_wconf 90' lang='lat' dir='ltr'>fieri</span> <span class='ocrx_word' id='word_1_180' title='bbox 848 1958 1030 2016; x_wconf 87' lang='lat' dir='ltr'>causis</span> <span class='ocrx_word' id='word_1_181' title='bbox 1058 1958 1543 2031; x_wconf 77' lang='lat' dir='ltr'>antecedentibUS,</span> <span class='ocrx_word' id='word_1_182' title='bbox 1567 1979 1684 2016; x_wconf 91' lang='lat' dir='ltr'>non</span> <span class='ocrx_word' id='word_1_183' title='bbox 1713 1960 1824 2017; x_wconf 91' lang='lat' dir='ltr'>hoc</span> <span class='ocrx_word' id='word_1_184' title='bbox 1846 1960 2008 2018; x_wconf 91' lang='lat' dir='ltr'>intel-</span> 
     </span>
     <span class='ocr_line' id='line_1_25' title="bbox 323 2038 2007 2117; baseline 0.001 -21"><span class='ocrx_word' id='word_1_185' title='bbox 323 2039 436 2117; x_wconf 79' lang='lat' dir='ltr'>legi</span> <span class='ocrx_word' id='word_1_186' title='bbox 484 2041 764 2111; x_wconf 75' lang='lat' dir='ltr'>volumUS,</span> <span class='ocrx_word' id='word_1_187' title='bbox 796 2040 978 2097; x_wconf 90' lang='lat' dir='ltr'>causis</span> <span class='ocrx_word' id='word_1_188' title='bbox 1026 2038 1298 2115; x_wconf 86' lang='lat' dir='ltr'>perfectis</span> <span class='ocrx_word' id='word_1_189' title='bbox 1347 2047 1405 2096; x_wconf 88' lang='lat' dir='ltr'>et</span> <span class='ocrx_word' id='word_1_190' title='bbox 1448 2040 1873 2116; x_wconf 78' lang='lat' dir='ltr'>principalibUS,</span> <span class='ocrx_word' id='word_1_191' title='bbox 1906 2042 2007 2097; x_wconf 88' lang='lat' dir='ltr'>sed</span> 
     </span>
     <span class='ocr_line' id='line_1_26' title="bbox 323 2119 2007 2196; baseline 0 -19"><span class='ocrx_word' id='word_1_192' title='bbox 323 2120 504 2177; x_wconf 88' lang='lat' dir='ltr'>causis</span> <span class='ocrx_word' id='word_1_193' title='bbox 533 2119 935 2177; x_wconf 87' lang='lat' dir='ltr'>adiuvantibus</span> <span class='ocrx_word' id='word_1_194' title='bbox 957 2119 1425 2176; x_wconf 88' lang='lat' dir='ltr'>antecedentibus</span> <span class='ocrx_word' id='word_1_195' title='bbox 1447 2126 1504 2176; x_wconf 91' lang='lat' dir='ltr'>et</span> <span class='ocrx_word' id='word_1_196' title='bbox 1527 2120 1817 2196; x_wconf 72' lang='lat' dir='ltr'>proximis</span> <span class='ocrx_word' id='word_1_197' title='bbox 1896 2121 2007 2177; x_wconf 81' lang='lat' dir='ltr'>Ita-</span> 
     </span>
     <span class='ocr_line' id='line_1_27' title="bbox 324 2198 2006 2277; baseline 0 -20"><span class='ocrx_word' id='word_1_198' title='bbox 324 2219 433 2277; x_wconf 92' lang='lat' dir='ltr'>quc</span> <span class='ocrx_word' id='word_1_199' title='bbox 467 2200 548 2257; x_wconf 89' lang='lat' dir='ltr'>illi</span> <span class='ocrx_word' id='word_1_200' title='bbox 577 2200 803 2271; x_wconf 89' lang='lat' dir='ltr'>rationi,</span> <span class='ocrx_word' id='word_1_201' title='bbox 831 2218 1000 2276; x_wconf 90' lang='lat' dir='ltr'>quam</span> <span class='ocrx_word' id='word_1_202' title='bbox 1031 2198 1204 2274; x_wconf 93' lang='lat' dir='ltr'>paulo</span> <span class='ocrx_word' id='word_1_203' title='bbox 1238 2206 1369 2255; x_wconf 89' lang='lat' dir='ltr'>ante</span> <span class='ocrx_word' id='word_1_204' title='bbox 1403 2199 1671 2269; x_wconf 89' lang='lat' dir='ltr'>conclusi,</span> <span class='ocrx_word' id='word_1_205' title='bbox 1698 2200 1778 2256; x_wconf 89' lang='lat' dir='ltr'>sic</span> <span class='ocrx_word' id='word_1_206' title='bbox 1812 2219 2006 2257; x_wconf 88' lang='lat' dir='ltr'>occur-</span> 
     </span>
     <span class='ocr_line' id='line_1_28' title="bbox 321 2278 2005 2355; baseline 0 -19"><span class='ocrx_word' id='word_1_207' title='bbox 321 2281 429 2338; x_wconf 89' lang='lat' dir='ltr'>rit:</span> <span class='ocrx_word' id='word_1_208' title='bbox 475 2280 537 2337; x_wconf 83' lang='lat' dir='ltr'>Si</span> <span class='ocrx_word' id='word_1_209' title='bbox 572 2280 767 2337; x_wconf 91' lang='lat' dir='ltr'>omnia</span> <span class='ocrx_word' id='word_1_210' title='bbox 799 2280 924 2336; x_wconf 86' lang='lat' dir='ltr'>fato</span> <span class='ocrx_word' id='word_1_211' title='bbox 957 2278 1115 2349; x_wconf 90' lang='lat' dir='ltr'>fiant,</span> <span class='ocrx_word' id='word_1_212' title='bbox 1148 2279 1307 2354; x_wconf 88' lang='lat' dir='ltr'>sequi</span> <span class='ocrx_word' id='word_1_213' title='bbox 1341 2278 1485 2335; x_wconf 91' lang='lat' dir='ltr'>illud</span> <span class='ocrx_word' id='word_1_214' title='bbox 1519 2279 1767 2355; x_wconf 90' lang='lat' dir='ltr'>quidem,</span> <span class='ocrx_word' id='word_1_215' title='bbox 1793 2287 1859 2336; x_wconf 87' lang='lat' dir='ltr'>ut</span> <span class='ocrx_word' id='word_1_216' title='bbox 1887 2299 2005 2336; x_wconf 89' lang='lat' dir='ltr'>om-</span> 
     </span>
     <span class='ocr_line' id='line_1_29' title="bbox 320 2359 2003 2436; baseline 0 -20"><span class='ocrx_word' id='word_1_217' title='bbox 320 2360 417 2417; x_wconf 90' lang='lat' dir='ltr'>nia</span> <span class='ocrx_word' id='word_1_218' title='bbox 449 2361 631 2418; x_wconf 88' lang='lat' dir='ltr'>causis</span> <span class='ocrx_word' id='word_1_219' title='bbox 664 2360 806 2417; x_wconf 90' lang='lat' dir='ltr'>fiant</span> <span class='ocrx_word' id='word_1_220' title='bbox 840 2359 1195 2436; x_wconf 80' lang='lat' dir='ltr'>antepositiS‚</span> <span class='ocrx_word' id='word_1_221' title='bbox 1221 2377 1416 2415; x_wconf 88' lang='lat' dir='ltr'>verum</span> <span class='ocrx_word' id='word_1_222' title='bbox 1446 2378 1564 2415; x_wconf 94' lang='lat' dir='ltr'>non</span> <span class='ocrx_word' id='word_1_223' title='bbox 1592 2359 2003 2435; x_wconf 88' lang='lat' dir='ltr'>principalibus</span> 
     </span>
     <span class='ocr_line' id='line_1_30' title="bbox 322 2438 1999 2517; baseline 0 -21"><span class='ocrx_word' id='word_1_224' title='bbox 322 2441 503 2497; x_wconf 91' lang='lat' dir='ltr'>causis</span> <span class='ocrx_word' id='word_1_225' title='bbox 559 2447 617 2497; x_wconf 89' lang='lat' dir='ltr'>et</span> <span class='ocrx_word' id='word_1_226' title='bbox 664 2440 951 2517; x_wconf 88' lang='lat' dir='ltr'>perfectis,</span> <span class='ocrx_word' id='word_1_227' title='bbox 994 2439 1094 2496; x_wconf 89' lang='lat' dir='ltr'>sed</span> <span class='ocrx_word' id='word_1_228' title='bbox 1150 2438 1553 2495; x_wconf 89' lang='lat' dir='ltr'>adiuvantibus</span> <span class='ocrx_word' id='word_1_229' title='bbox 1601 2445 1660 2495; x_wconf 87' lang='lat' dir='ltr'>et</span> <span class='ocrx_word' id='word_1_230' title='bbox 1706 2439 1999 2514; x_wconf 80' lang='lat' dir='ltr'>proximis,</span> 
     </span>
     <span class='ocr_line' id='line_1_31' title="bbox 321 2517 2004 2597; baseline -0.001 -20"><span class='ocrx_word' id='word_1_231' title='bbox 321 2517 478 2587; x_wconf 80' lang='lat' dir='ltr'>Quae</span> <span class='ocrx_word' id='word_1_232' title='bbox 508 2522 556 2577; x_wconf 91' lang='lat' dir='ltr'>si</span> <span class='ocrx_word' id='word_1_233' title='bbox 583 2522 738 2597; x_wconf 88' lang='lat' dir='ltr'>ipsae</span> <span class='ocrx_word' id='word_1_234' title='bbox 767 2540 882 2577; x_wconf 93' lang='lat' dir='ltr'>non</span> <span class='ocrx_word' id='word_1_235' title='bbox 907 2521 1024 2576; x_wconf 91' lang='lat' dir='ltr'>sint</span> <span class='ocrx_word' id='word_1_236' title='bbox 1049 2519 1111 2576; x_wconf 91' lang='lat' dir='ltr'>in</span> <span class='ocrx_word' id='word_1_237' title='bbox 1139 2525 1335 2576; x_wconf 87' lang='lat' dir='ltr'>nostra</span> <span class='ocrx_word' id='word_1_238' title='bbox 1355 2524 1655 2595; x_wconf 89' lang='lat' dir='ltr'>potestate,</span> <span class='ocrx_word' id='word_1_239' title='bbox 1680 2537 1798 2575; x_wconf 93' lang='lat' dir='ltr'>non</span> <span class='ocrx_word' id='word_1_240' title='bbox 1822 2520 2004 2595; x_wconf 88' lang='lat' dir='ltr'>sequi·</span> 
     </span>
     <span class='ocr_line' id='line_1_32' title="bbox 319 2599 1997 2677; baseline 0.001 -22"><span class='ocrx_word' id='word_1_241' title='bbox 319 2607 414 2655; x_wconf 93' lang='lat' dir='ltr'>tur</span> <span class='ocrx_word' id='word_1_242' title='bbox 454 2607 520 2657; x_wconf 91' lang='lat' dir='ltr'>ut</span> <span class='ocrx_word' id='word_1_243' title='bbox 552 2620 623 2657; x_wconf 93' lang='lat' dir='ltr'>ne</span> <span class='ocrx_word' id='word_1_244' title='bbox 666 2601 956 2677; x_wconf 88' lang='lat' dir='ltr'>appetitus</span> <span class='ocrx_word' id='word_1_245' title='bbox 1000 2600 1233 2676; x_wconf 89' lang='lat' dir='ltr'>quidem</span> <span class='ocrx_word' id='word_1_246' title='bbox 1268 2599 1344 2655; x_wconf 87' lang='lat' dir='ltr'>sit</span> <span class='ocrx_word' id='word_1_247' title='bbox 1376 2599 1437 2655; x_wconf 91' lang='lat' dir='ltr'>in</span> <span class='ocrx_word' id='word_1_248' title='bbox 1469 2606 1665 2655; x_wconf 87' lang='lat' dir='ltr'>nostra</span> <span class='ocrx_word' id='word_1_249' title='bbox 1698 2604 1997 2675; x_wconf 87' lang='lat' dir='ltr'>potestate.</span> 
     </span>
     <span class='ocr_line' id='line_1_33' title="bbox 319 2678 2004 2757; baseline 0 -22"><span class='ocrx_word' id='word_1_250' title='bbox 319 2679 405 2736; x_wconf 91' lang='lat' dir='ltr'>At</span> <span class='ocrx_word' id='word_1_251' title='bbox 436 2679 546 2737; x_wconf 90' lang='lat' dir='ltr'>hoc</span> <span class='ocrx_word' id='word_1_252' title='bbox 590 2686 932 2757; x_wconf 83' lang='lat' dir='ltr'>sequeretur,</span> <span class='ocrx_word' id='word_1_253' title='bbox 964 2680 1013 2736; x_wconf 91' lang='lat' dir='ltr'>si</span> <span class='ocrx_word' id='word_1_254' title='bbox 1047 2679 1242 2736; x_wconf 90' lang='lat' dir='ltr'>omnia</span> <span class='ocrx_word' id='word_1_255' title='bbox 1275 2679 1547 2755; x_wconf 85' lang='lat' dir='ltr'>perfectis</span> <span class='ocrx_word' id='word_1_256' title='bbox 1589 2685 1647 2736; x_wconf 92' lang='lat' dir='ltr'>et</span> <span class='ocrx_word' id='word_1_257' title='bbox 1679 2678 2004 2754; x_wconf 88' lang='lat' dir='ltr'>principali·</span> 
     </span>
     <span class='ocr_line' id='line_1_34' title="bbox 318 2758 2000 2830; baseline -0.001 -14"><span class='ocrx_word' id='word_1_258' title='bbox 318 2758 425 2816; x_wconf 91' lang='lat' dir='ltr'>bus</span> <span class='ocrx_word' id='word_1_259' title='bbox 471 2761 654 2817; x_wconf 87' lang='lat' dir='ltr'>causis</span> <span class='ocrx_word' id='word_1_260' title='bbox 697 2760 821 2817; x_wconf 91' lang='lat' dir='ltr'>fieri</span> <span class='ocrx_word' id='word_1_261' title='bbox 864 2760 1196 2830; x_wconf 79' lang='lat' dir='ltr'>diceremuS,</span> <span class='ocrx_word' id='word_1_262' title='bbox 1228 2766 1310 2828; x_wconf 89' lang='lat' dir='ltr'>ut,</span> <span class='ocrx_word' id='word_1_263' title='bbox 1343 2777 1474 2815; x_wconf 89' lang='lat' dir='ltr'>cum</span> <span class='ocrx_word' id='word_1_264' title='bbox 1509 2759 1617 2816; x_wconf 89' lang='lat' dir='ltr'>hae</span> <span class='ocrx_word' id='word_1_265' title='bbox 1650 2777 1849 2815; x_wconf 90' lang='lat' dir='ltr'>causae</span> <span class='ocrx_word' id='word_1_266' title='bbox 1882 2777 2000 2815; x_wconf 93' lang='lat' dir='ltr'>non</span> 
     </span>
     <span class='ocr_line' id='line_1_35' title="bbox 318 2838 2002 2916; baseline -0.002 -20"><span class='ocrx_word' id='word_1_267' title='bbox 318 2847 506 2897; x_wconf 88' lang='lat' dir='ltr'>essent</span> <span class='ocrx_word' id='word_1_268' title='bbox 527 2841 587 2897; x_wconf 93' lang='lat' dir='ltr'>in</span> <span class='ocrx_word' id='word_1_269' title='bbox 616 2847 811 2897; x_wconf 88' lang='lat' dir='ltr'>nostra</span> <span class='ocrx_word' id='word_1_270' title='bbox 837 2845 1140 2916; x_wconf 89' lang='lat' dir='ltr'>potestate,</span> <span class='ocrx_word' id='word_1_271' title='bbox 1164 2858 1237 2896; x_wconf 94' lang='lat' dir='ltr'>ne</span> <span class='ocrx_word' id='word_1_272' title='bbox 1265 2838 1359 2895; x_wconf 92' lang='lat' dir='ltr'>ille</span> <span class='ocrx_word' id='word_1_273' title='bbox 1389 2839 1623 2915; x_wconf 89' lang='lat' dir='ltr'>quidem</span> <span class='ocrx_word' id='word_1_274' title='bbox 1646 2844 1793 2895; x_wconf 90' lang='lat' dir='ltr'>esset</span> <span class='ocrx_word' id='word_1_275' title='bbox 1820 2839 1880 2895; x_wconf 93' lang='lat' dir='ltr'>in</span> <span class='ocrx_word' id='word_1_276' title='bbox 1901 2857 2002 2894; x_wconf 92' lang='lat' dir='ltr'>no-</span> 
     </span>
     <span class='ocr_line' id='line_1_36' title="bbox 319 2918 2001 2997; baseline -0.002 -21"><span class='ocrx_word' id='word_1_277' title='bbox 319 2926 435 2977; x_wconf 90' lang='lat' dir='ltr'>stra</span> <span class='ocrx_word' id='word_1_278' title='bbox 460 2926 761 2997; x_wconf 87' lang='lat' dir='ltr'>potestate.</span> <span class='ocrx_word' id='word_1_279' title='bbox 850 2925 942 2977; x_wconf 83' lang='lat'>42.</span> <span class='ocrx_word' id='word_1_280' title='bbox 989 2919 1176 2987; x_wconf 80' lang='lat' dir='ltr'>Quam</span> <span class='ocrx_word' id='word_1_281' title='bbox 1211 2918 1285 2975; x_wconf 93' lang='lat' dir='ltr'>ob</span> <span class='ocrx_word' id='word_1_282' title='bbox 1314 2937 1434 2975; x_wconf 91' lang='lat' dir='ltr'>rem</span> <span class='ocrx_word' id='word_1_283' title='bbox 1466 2918 1564 2995; x_wconf 88' lang='lat' dir='ltr'>qui</span> <span class='ocrx_word' id='word_1_284' title='bbox 1593 2920 1675 2975; x_wconf 89' lang='lat' dir='ltr'>ita</span> <span class='ocrx_word' id='word_1_285' title='bbox 1701 2918 1886 2976; x_wconf 88' lang='lat' dir='ltr'>fatum</span> <span class='ocrx_word' id='word_1_286' title='bbox 1918 2919 2001 2974; x_wconf 90' lang='lat' dir='ltr'>in-</span> 
     </span>
     <span class='ocr_line' id='line_1_37' title="bbox 317 2997 2001 3073; baseline -0.001 -17"><span class='ocrx_word' id='word_1_287' title='bbox 317 3000 646 3070; x_wconf 87' lang='lat' dir='ltr'>troducunt,</span> <span class='ocrx_word' id='word_1_288' title='bbox 678 3007 743 3056; x_wconf 90' lang='lat' dir='ltr'>ut</span> <span class='ocrx_word' id='word_1_289' title='bbox 775 3000 1172 3057; x_wconf 88' lang='lat' dir='ltr'>necessitatem</span> <span class='ocrx_word' id='word_1_290' title='bbox 1205 2998 1539 3073; x_wconf 69' lang='lat' dir='ltr'>adiungam,</span> <span class='ocrx_word' id='word_1_291' title='bbox 1563 2998 1624 3053; x_wconf 90' lang='lat' dir='ltr'>in</span> <span class='ocrx_word' id='word_1_292' title='bbox 1658 3018 1757 3055; x_wconf 91' lang='lat' dir='ltr'>eos</span> <span class='ocrx_word' id='word_1_293' title='bbox 1788 2997 2001 3055; x_wconf 87' lang='lat' dir='ltr'>valebit</span> 
     </span>
     <span class='ocr_line' id='line_1_38' title="bbox 318 3077 1996 3147; baseline -0.001 -12"><span class='ocrx_word' id='word_1_294' title='bbox 318 3079 416 3135; x_wconf 91' lang='lat' dir='ltr'>illa</span> <span class='ocrx_word' id='word_1_295' title='bbox 447 3079 752 3137; x_wconf 83' lang='lat' dir='ltr'>conclusiO.</span> <span class='ocrx_word' id='word_1_296' title='bbox 839 3079 951 3147; x_wconf 81' lang='lat' dir='ltr'>Qui</span> <span class='ocrx_word' id='word_1_297' title='bbox 986 3085 1178 3135; x_wconf 88' lang='lat' dir='ltr'>autem</span> <span class='ocrx_word' id='word_1_298' title='bbox 1212 3097 1406 3134; x_wconf 88' lang='lat' dir='ltr'>causas</span> <span class='ocrx_word' id='word_1_299' title='bbox 1439 3077 1839 3135; x_wconf 88' lang='lat' dir='ltr'>antecedentes</span> <span class='ocrx_word' id='word_1_300' title='bbox 1880 3097 1996 3133; x_wconf 92' lang='lat' dir='ltr'>non</span> 
     </span>
     <span class='ocr_line' id='line_1_39' title="bbox 319 3157 1998 3235; baseline -0.001 -20"><span class='ocrx_word' id='word_1_301' title='bbox 319 3159 512 3216; x_wconf 87' lang='lat' dir='ltr'>dicent</span> <span class='ocrx_word' id='word_1_302' title='bbox 540 3160 821 3232; x_wconf 86' lang='lat' dir='ltr'>perfectas</span> <span class='ocrx_word' id='word_1_303' title='bbox 854 3178 1038 3235; x_wconf 91' lang='lat' dir='ltr'>neque</span> <span class='ocrx_word' id='word_1_304' title='bbox 1071 3157 1430 3235; x_wconf 89' lang='lat' dir='ltr'>principales,</span> <span class='ocrx_word' id='word_1_305' title='bbox 1457 3157 1517 3214; x_wconf 89' lang='lat' dir='ltr'>in</span> <span class='ocrx_word' id='word_1_306' title='bbox 1552 3177 1650 3214; x_wconf 91' lang='lat' dir='ltr'>eos</span> <span class='ocrx_word' id='word_1_307' title='bbox 1682 3157 1826 3213; x_wconf 91' lang='lat' dir='ltr'>nihil</span> <span class='ocrx_word' id='word_1_308' title='bbox 1855 3158 1998 3214; x_wconf 87' lang='lat' dir='ltr'>vale-</span> 
     </span>
    </p>
   </div>
  </div>
 </body>
</html>
