2205 3431
521 128 784 188 LIB.11.,
814 127 971 176 CAP.
998 128 1345 188 L1V.-Lv1.,
1376 127 1404 186 ς
1435 130 1676 176 110-116.
1844 131 1940 177 237

259 250 449 287 nonne
495 249 561 287 ea
605 229 903 307 praedixit,
936 247 1080 304 quae
1114 229 1471 285 factasunt?
1553 227 1657 285 Ille
1700 247 1850 298 ver0,
1883 238 1942 286 et

257 330 325 367 ea
359 310 607 386 quidem,
630 328 773 385 quae
808 328 1006 365 omnes
1041 328 1109 365 eo
1138 316 1398 383 tempore
1426 327 1498 364 ne
1525 308 1846 364 acciderent
1875 310 1942 365 ti-

258 390 569 447 mebamus
656 389 856 444 Castra
889 389 1043 444 enim
1076 389 1138 444 in
1172 388 1465 444 Thessalia
1497 388 1693 444 castris
1735 388 1942 446 collata

256 469 644 539 audiebamm,
663 468 1072 544 videbaturque
1094 467 1262 524 nobis
1291 467 1571 524 exercitus
1600 467 1855 525 Caesaris
1882 477 1941 526 et

257 549 525 608 audaciae
559 549 687 626 plus
721 547 942 618 habere,
977 549 1191 624 quippe
1232 548 1330 624 qui
1363 547 1578 624 patriae
1612 547 1826 604 bellum
1859 549 1942 604 in-

258 629 497 699 tulisset,
529 635 587 684 et
618 627 839 685 roboris
873 635 1109 704 propter
1151 634 1508 684 vetustatem.
1593 627 1805 684 Casum
1848 648 1942 685 au-

257 716 377 765 tem
406 708 609 784 proelii
637 727 807 765 nemo
836 715 1096 764 nostrum
1127 714 1247 764 erat
1276 707 1414 784 quin
1444 707 1687 777 timeret,
1713 708 1813 764 sed
1841 708 1938 779 ita,

258 796 325 845 ut
352 787 746 845 constantibus
774 787 1106 843 hominibus
1128 807 1229 863 par
1250 792 1385 857 erat,
1411 806 1528 843 non
1550 793 1759 862 aperte.
1837 787 1940 845 Ille

256 875 450 924 autem
484 867 748 936 GraecuS,
775 867 913 945 quid
941 867 1169 936 mirum,
1195 867 1243 923 si
1272 866 1669 943 magnitudine
1696 867 1939 939 timoriS,

257 955 324 1004 ut
351 947 683 1024 plerumque
712 947 793 1017 fit,
819 967 853 1003 a
880 947 1201 1004 constantia
1228 953 1399 1023 atque
1427 966 1462 1004 a
1489 954 1681 1004 mente
1708 954 1879 1024 atque
1908 968 1943 1004 a

257 1047 318 1085 se
351 1028 474 1104 ipse
508 1027 798 1084 discessit?
842 1047 953 1103 qua
985 1026 1415 1103 perturbatione
1448 1027 1643 1098 animi,
1670 1047 1829 1104 quae,
1862 1047 1943 1084 sa-

256 1127 366 1164 nus
394 1127 525 1164 cum
554 1114 716 1178 esset,
738 1106 979 1164 timebat
1007 1127 1078 1164 ne
1107 1107 1414 1178 evenirent,
1434 1126 1502 1165 ea
1522 1108 1757 1164 demens
1780 1126 1941 1164 even-

256 1195 387 1244 tura
428 1207 548 1244 esse
589 1187 829 1244 dicebat.
914 1187 1132 1245 Utrum
1166 1187 1416 1258 tandem,
1448 1207 1549 1263 per
1590 1187 1728 1244 deos
1770 1194 1941 1264 atque

257 1267 548 1325 homines!
584 1268 767 1343 magis
789 1267 905 1324 veri
936 1267 1120 1323 simile
1149 1275 1234 1325 est
1263 1286 1534 1323 vesanum
1563 1268 1839 1344 remigem
1869 1287 1938 1324 an

252 1347 503 1424 aliquem
541 1355 817 1417 nostrum,
844 1348 942 1424 qui
972 1347 1052 1403 ibi
1081 1354 1206 1404 tum
1242 1367 1480 1417 eramuS,
1506 1366 1614 1417 me,
1639 1347 1938 1417 Catonem,

257 1427 576 1484 Varronem
581 1427 977 1502 ,Coponium
965 1447 1171 1502 lpsum,
1193 1427 1430 1484 consilia
1451 1392 1726 1484 deorum
1712 1447 1942 1484 immor-

255 1507 456 1564 talium
488 1508 804 1585 perspicele
833 1507 1125 1598 potuisse?
1221 1558 1226 1563 .

338 1587 489 1644 LVL
579 1593 709 1645 115.
756 1585 914 1644 Sed
899 1606 1013 1644 lam
1043 1585 1118 1643 ad
1144 1594 1203 1644 te
1230 1587 1415 1657 venio,

322 1698 503 1747 Sancte
525 1697 724 1761 Apono,
745 1697 830 1760 qui
853 1697 1143 1747 umbilicum
1166 1705 1354 1747 certum
1379 1706 1620 1746 terrarum
1644 1698 1855 1759 obsides,

322 1764 471 1813 Unde
493 1764 833 1825 superstitiosa
854 1765 1069 1827 primum
1092 1778 1240 1812 saeva
1260 1764 1538 1812 evasitrvox
1560 1764 1679 1812 fera.

255 1882 397 1940 Tuis
430 1883 583 1940 enim
619 1882 860 1940 oraculis
902 1882 1262 1961 Chrysippus
1302 1890 1494 1941 totum
1536 1884 1805 1942 volumen
1839 1885 1942 1941 im-

255 1963 452 2040 plevit,
477 1963 683 2039 partim
708 1963 882 2034 falsiS,
907 1971 975 2020 ut
1002 1982 1111 2040 ego
1142 1965 1363 2042 opinor,
1384 1965 1593 2042 partim
1622 1984 1755 2022 casu
1776 1965 1938 2035 veris,

256 2051 324 2100 ut
351 2043 417 2100 fit
444 2044 505 2099 in
536 2043 695 2100 omni
724 2044 980 2101 oratione
1011 2045 1355 2120 saepissime,
1380 2046 1591 2121 partim
1619 2044 1941 2121 flexiloquis

256 2130 316 2180 et
351 2123 618 2194 obscuriS,
643 2131 710 2180 ut
738 2124 1017 2200 interpres
1051 2131 1217 2200 egeat
1245 2124 1552 2201 interprete
1582 2131 1642 2182 et
1668 2144 1789 2181 sors
1817 2126 1941 2201 ipsa

255 2202 331 2259 ad
366 2210 544 2260 sortes
577 2203 876 2260 referenda
909 2204 998 2275 sit,
1030 2204 1238 2280 partim
1276 2204 1562 2281 ambiguis
1597 2211 1656 2261 et
1690 2223 1833 2280 quae
1869 2204 1941 2261 ad

257 2282 619 2340 dialecticum
653 2283 964 2340 deferenda
997 2284 1128 2341 sint.
1213 2283 1365 2340 Nam
1395 2303 1525 2341 cum
1553 2284 1651 2341 illa
1678 2303 1798 2342 sors
1827 2284 1942 2340 edi-

255 2369 318 2419 ta
345 2370 432 2419 est
461 2363 896 2439 opulentissimo
924 2364 1047 2440 regi
1075 2363 1281 2419 Asiae:

322 2473 534 2522 Croesus
560 2474 744 2535 Halym
767 2482 1032 2537 penetrans
1055 2490 1291 2535 magnam
1314 2482 1556 2538 pervertet
1579 2489 1729 2537 opum
1752 2474 1870 2535 vim,

254 2582 511 2640 hostium
547 2584 662 2641 vim
689 2604 817 2646 ,sese
850 2604 1247 2661 perversurum
1276 2587 1517 2662 putavit,
1541 2585 1815 2662 pervertit
1848 2605 1941 2641 au-

254 2670 375 2720 tem
406 2683 581 2721 suam.
671 2670 801 2722 116.
846 2664 1061 2722 Utrum
1085 2666 1263 2741 igitur
1291 2685 1488 2722 eorum
1516 2665 1829 2736 accidisset,
1851 2685 1940 2721 ve-

253 2762 382 2799 rum
418 2743 709 2800 oraculum
743 2744 961 2802 fuisset.
1047 2745 1166 2801 Cur
1198 2752 1391 2802 autem
1418 2745 1528 2802 hoc
1564 2745 1788 2802 credam
1819 2764 1940 2801 um·-

254 2842 429 2899 quam
471 2824 693 2881 editum
731 2823 981 2881 Croeso?
1022 2831 1123 2881 aut
1156 2823 1519 2881 Herodotum
1556 2843 1655 2881 cur
1696 2825 1939 2881 veracio-

252 2921 374 2959 rem
399 2902 603 2959 ducam
622 2904 810 2960 Ennio
829 2905 848 2961 ἓ
913 2904 1069 2960 Num
1092 2904 1284 2960 minus
1305 2904 1399 2961 ille
1416 2904 1609 2980 potuit
1631 2905 1703 2961 de
1725 2903 1937 2962 Croeso

253 3001 429 3058 quam
458 2982 529 3039 de
558 2982 783 3059 Pyrrho
804 2982 1018 3060 fingere
1039 2983 1297 3041 Ennius?
1379 2983 1520 3052 Quis
1549 2985 1701 3041 enim
1732 2992 1818 3042 est
1840 2984 1936 3060 qui

251 3062 449 3118 credat
476 3061 766 3139 Apollinis
795 3083 863 3120 ex
893 3063 1120 3120 oraculo
1142 3063 1368 3139 Pyrrho
1398 3083 1516 3120 esse
1539 3081 1907 3139 responsum:

423 3248 482 3293 19
537 3185 638 3231 Aio
666 3189 728 3241 te,
751 3184 989 3243 Aeacida,
1008 3186 1262 3233 Romanos
1285 3185 1478 3234 vincere
1499 3200 1655 3245 posse.
