2205 3431
236 117 332 164 190
754 114 854 163 DE
888 114 1390 164 DIVINATIONE.

233 216 392 274 libris
420 215 838 273 Socraticorum
868 235 1035 292 saepe
1064 216 1292 285 dicitur,
1315 234 1436 272 esse
1464 213 1723 271 divinum
1754 213 1921 291 quid·

157 336 163 340 >
232 296 383 367 dam,
405 295 563 372 quod
595 293 880 371 δαιμόνιον
907 295 1173 371 appellat,
1197 295 1290 352 eui
1319 313 1542 371 semper
1570 295 1692 372 ipsc
1720 313 1920 370 parue-

232 377 323 446 rit,
348 395 661 452 numquam
692 374 1024 453 impellenti,
1050 395 1217 451 sacpe
1246 374 1551 432 revocanti.
1617 374 1693 431 Et
1722 374 1920 431 Socra-

233 464 319 513 tes
361 452 790 533 quidem—quo
835 474 1004 531 quem
1039 464 1330 512 auctorem
1363 454 1659 512 meliorem
1699 455 1919 530 quaeri-

231 536 854 612 musl—Xenophonti
887 535 1210 592 consulenti
1243 543 1643 610 sequereturne
1676 533 1916 610 Cyrum,

231 624 432 691 postca
461 635 631 691 quam
662 615 928 690 exposuit
950 634 1094 691 quae
1117 615 1228 691 ipsi
1250 614 1619 671 videbantur:
1666 614 1699 640 ‘⁴
1718 614 1796 670 Et
1818 633 1918 670 no-

231 704 413 752 strum
443 695 676 772 quidem
694 694 727 721 ”
751 695 942 771 inquit
963 695 998 721 ‘⁶
1019 694 1336 751 humanum
1364 701 1453 751 est
1474 693 1793 764 consilium,
1815 692 1918 750 sed

231 775 304 832 de
332 775 501 832 rebus
530 782 589 832 et
617 774 872 832 obscuris
899 781 958 831 et
987 774 1220 832 incertis
1246 773 1321 830 ad
1348 773 1682 849 Apollinem
1710 791 1917 830 censeo

230 853 650 925 referendum,''
670 854 745 911 ad
773 874 941 931 quem
973 854 1147 911 etiam
1175 853 1559 911 Athenienses
1586 852 1814 930 publice
1843 851 1918 909 de

230 933 544 991 maioribus
570 934 740 992 rebus
768 953 992 1010 semper
1019 933 1378 991 rettulerunt.
1453 939 1585 990 123.
1624 932 1918 1010 Scriptum

231 1022 319 1071 est
352 1014 509 1084 item,
534 1032 665 1071 cum
699 1014 955 1071 Critonis
989 1014 1076 1071 sui
1109 1013 1408 1070 familiaris
1441 1012 1670 1070 oculum
1704 1012 1919 1087 adliga-

231 1102 358 1151 tum
387 1093 639 1164 vidisset,
658 1095 1000 1171 quaesivisse
1035 1093 1177 1170 quid
1209 1101 1390 1150 esset:
1434 1112 1564 1149 cum
1599 1100 1792 1149 autem
1821 1091 1918 1148 ille

232 1173 619 1251 respondisset
647 1176 706 1231 in
740 1193 877 1250 agro
911 1173 1229 1231 ambulanti
1262 1172 1546 1229 ramulum
1581 1172 1915 1242 adductum,

232 1262 299 1311 ut
325 1254 594 1311 remissus
620 1261 784 1325 esset,
811 1254 869 1310 in
899 1253 1130 1311 oculum
1159 1272 1326 1309 suum
1354 1253 1637 1322 recidisse,
1661 1259 1786 1309 tum
1816 1251 1918 1308 So-

231 1341 450 1391 crates:
514 1335 547 1361 “
567 1333 623 1390 N
627 1353 701 1390 on
753 1334 906 1391 enim
956 1333 1198 1409 paruisti
1246 1332 1391 1389 mihi
1441 1332 1746 1401 revocanti,
1783 1350 1917 1388 cum

232 1422 422 1472 uterer
450 1433 562 1491 qua
589 1414 743 1471 soleo
773 1414 1192 1490 praesagitione
1221 1411 1470 1469 divina.’'
1548 1410 1712 1469 Idem
1742 1411 1917 1468 etiam

233 1493 512 1565 SocrateS,
548 1513 679 1551 cum
728 1494 885 1570 apud
924 1493 1159 1550 Delium
1208 1493 1356 1549 male
1397 1498 1719 1568 pugnatum
1769 1499 1919 1548 esset

233 1573 480 1631 Lachete
521 1581 780 1650 praetore
822 1574 1164 1650 fugeretque
1213 1592 1343 1629 cum
1384 1573 1513 1648 ipso
1555 1570 1819 1642 Lachete,
1853 1578 1919 1627 ut

233 1661 468 1711 ventum
511 1660 600 1711 est
632 1653 692 1710 in
725 1652 978 1722 trivium,
1003 1653 1202 1710 eadem
1234 1671 1347 1730 qua
1380 1652 1551 1709 ceteri
1585 1652 1786 1728 fugere
1819 1670 1920 1708 no-

232 1734 356 1792 luit.
429 1734 652 1803 Quibus
680 1734 1082 1812 quaerentibus
1111 1753 1211 1790 cur
1237 1752 1355 1789 non
1384 1733 1580 1790 eadem
1605 1733 1699 1789 via
1724 1750 1921 1807 perge-

208 1822 336 1884 ·ret,
368 1815 638 1871 deterreri
680 1835 739 1871 se
780 1834 815 1871 a
855 1813 964 1878 deo
1006 1814 1171 1871 dixit.
1255 1812 1402 1870 Tum
1448 1812 1684 1888 quidem
1725 1812 1786 1881 ii,
1818 1811 1920 1888 qui

234 1894 345 1950 alia
376 1895 469 1950 via
509 1895 794 1970 fugerant,
820 1894 878 1950 in
921 1894 1540 1969 hostium-equitatum
1575 1891 1915 1949 inciderunt.

234 1973 530 2031 Permulta
561 1975 799 2031 collecta
836 1981 970 2031 sunt
1001 1973 1074 2030 ab
1109 1973 1438 2048 AntipatrO,
1464 1990 1608 2048 quae
1650 1971 1921 2028 mirabili-

234 2062 322 2110 ter
363 2073 397 2110 a
429 2053 661 2111 Socrate
704 2055 958 2111 divinata
998 2060 1150 2110 sunt.
1235 2051 1393 2120 Quae
1427 2052 1916 2128 praetermittam:

234 2133 345 2190 tibi
378 2134 532 2191 enim
567 2142 704 2191 nota
737 2141 887 2200 sunt,
913 2134 1057 2189 mihi
1090 2133 1165 2190 ad
1197 2131 1765 2188 commemorandum
1801 2150 1918 2188 non

235 2215 561 2271 necessaria.
652 2219 780 2271 124.
826 2213 976 2270 Illud
1010 2220 1205 2270 tamen
1240 2213 1362 2269 eius
1395 2211 1729 2288 philosophi
1762 2231 1923 2288 mag-

235 2293 470 2351 nificum
499 2313 562 2351 ac
593 2313 770 2369 paene
803 2293 1080 2362 divinum,
1108 2292 1280 2369 quod,
1305 2310 1435 2348 cum
1471 2292 1665 2367 impiis
1698 2298 1924 2349 senten-

236 2374 333 2430 tiis
362 2374 664 2431 damnatus
693 2382 854 2444 esset,
876 2372 1219 2449 aequissimo
1249 2372 1441 2428 animo
1471 2391 1530 2428 se
1559 2371 1708 2428 dixit
1734 2372 1917 2428 mori:

236 2472 422 2530 neque
450 2455 603 2511 enim
634 2453 808 2510 domo
837 2452 1153 2529 egredienti
1182 2471 1366 2528 neque
1393 2451 1537 2509 illud
1564 2458 1919 2527 suggestum,

237 2534 296 2590 in
327 2553 440 2611 quo
470 2553 696 2591 causam
730 2534 965 2603 dixerat,
985 2532 1314 2590 ascendenti
1343 2532 1571 2608 signum
1601 2530 1711 2588 sibi
1739 2530 1921 2587 ullum

237 2615 394 2690 quod
422 2620 747 2672 consuesset
775 2633 809 2670 a
837 2613 944 2670 deo
975 2612 1137 2689 quasi
1165 2612 1301 2670 mali
1322 2611 1560 2669 alicuius
1587 2610 1922 2687 impenden-

236 2695 312 2751 tis
341 2695 556 2752 datum.

318 2773 439 2831 LV.
477 2773 761 2851 Equidem
804 2773 885 2830 sic
926 2772 1186 2842 arbitror,
1211 2771 1384 2828 etiam
1420 2771 1468 2828 si
1502 2770 1685 2827 multa
1716 2769 1922 2827 fallant

238 2872 352 2922 606,
378 2854 479 2929 qui
511 2861 611 2910 aut
651 2863 771 2910 arte
811 2861 911 2910 aut
944 2853 1271 2909 coniectura
1312 2852 1567 2908 divinare
1600 2850 1918 2920 videantur,

239 2951 359 2988 6666
380 2940 573 2988 tamen
603 2933 1049 2989 divinationem:
1084 2931 1348 2987 homines
1376 2940 1569 2988 autem
1598 2937 1663 2987 ut
1688 2931 1744 2986 in
1775 2937 1920 2987 cete·

239 3011 317 3066 ris
345 3010 577 3079 artibuS‚
604 3011 683 3066 sic
713 3011 770 3065 in
800 3011 906 3067 hac
934 3029 1101 3087 posse
1130 3011 1268 3066 falli.
1341 3010 1546 3067 Potest
1573 3010 1826 3067 accidere
1855 3017 1920 3067 ut

240 3087 473 3163 aliquod
503 3089 729 3162 signum
760 3088 933 3145 dubie
961 3088 1160 3145 datum
1186 3108 1288 3165 pro
1318 3097 1474 3146 certo
1505 3091 1580 3147 sit
1601 3098 1920 3166 acceptum,

241 3172 434 3241 potest
460 3166 694 3240 aliquod
722 3165 951 3223 latuisse
983 3175 1083 3223 aut
1111 3168 1298 3241 ipsum
1334 3177 1434 3225 aut
1475 3171 1634 3244 quod
1663 3177 1811 3226 esset
1838 3169 1919 3229 illi
