2205 3431
563 138 698 187 LIB.
728 136 852 198 111.‚
875 135 1030 186 CAP.
1059 134 1472 197 XX1.-XX1V.,
1499 132 1527 194 ς
1551 135 1730 185 54-61.
1894 137 1990 184 127

313 240 618 317 appellant,
646 211 805 316 quod
829 237 900 295 ab
929 257 998 295 eo
1028 257 1088 296 se
1116 237 1270 314 leges
1298 238 1495 296 ferunt
1516 237 1813 314 accepisse.
1893 242 1986 295 58.

311 321 532 379 Dianae
581 323 721 376 item
770 318 992 395 plures:
1052 318 1239 394 prima
1288 317 1442 374 Iovis
1491 325 1549 374 et
1596 317 1988 394 Proserpinae,

314 421 457 478 quae
486 406 800 477 pennatum
830 397 1178 474 Cupidinem
1200 398 1463 474 genuisse
1492 397 1717 468 dicitur,
1744 398 1991 454 secunda

311 482 520 552 notior,
546 500 717 557 quam
741 478 875 536 Iove
904 479 1075 535 tertio
1106 485 1163 535 ct
1186 477 1406 534 Latona
1432 485 1625 534 natam
1649 478 1986 553 accepimuS,

312 561 512 618 tertiae
528 567 690 637 pater
706 559 858 636 Upis
878 558 1139 628 traditur,
1160 557 1373 616 Glauce
1393 566 1590 615 mater.
1661 558 1804 614 Eam
1821 556 1992 615 Grae-

311 642 364 698 ci
399 660 564 717 saepe
605 640 789 716 Upim
823 645 1062 715 paterno
1105 638 1338 694 nomine
1380 637 1685 714 appellant.
1771 636 1992 713 Diony-

312 740 405 778 sos
448 720 661 777 multos
705 719 1014 776 habemus:
1065 718 1319 795 primum
1364 717 1501 774 Iove
1545 725 1603 774 et
1647 716 1991 793 Proserpina

309 808 527 869 natum,
560 799 872 856 secundum
909 798 1061 869 Ni10‚
1088 798 1188 875 qui
1216 798 1437 873 Nysam
1464 796 1676 859 dicitur
1708 796 1991 854 condidis-

209 907 214 912 ·
311 899 387 949 se,
407 880 642 937 tertium
664 879 872 935 Cabiro
896 886 1072 954 patre,
1089 897 1337 955 eumque
1358 896 1551 953 regem
1572 877 1747 933 Asiae
1767 877 1991 952 praefu-

309 960 420 1016 isse
453 960 668 1028 dicunt,
695 959 785 1015 cui
815 958 1051 1015 Sabazia
1083 966 1218 1015 sunt
1250 957 1531 1027 instituta,
1557 963 1822 1033 quartum
1852 955 1989 1013 Iove

309 1047 369 1096 et
397 1039 573 1108 Luna,
598 1039 689 1096 cui
719 1057 874 1095 sacra
898 1038 1153 1114 Orphica
1173 1045 1449 1113 putantur
1476 1036 1697 1106 confici,
1724 1037 1987 1113 quintum

311 1119 454 1176 Niso
483 1127 683 1176 natum
711 1125 769 1175 et
789 1118 1048 1194 Thyone,
1073 1137 1108 1174 a
1136 1137 1250 1194 quo
1272 1117 1616 1174 Trieterides
1645 1116 1989 1173 constitutae

310 1206 600 1275 putantur.
687 1204 778 1255 59.
824 1198 1024 1256 Venus
1057 1198 1244 1274 prima
1276 1197 1450 1255 Caelo
1485 1205 1542 1254 et
1575 1196 1689 1253 Die
1722 1202 1871 1267 nata,
1897 1216 1990 1252 cu-

308 1279 398 1335 ius
426 1278 589 1335 Elide
618 1278 919 1335 delubrum
952 1277 1217 1346 vidimuS,
1242 1278 1417 1335 altera
1445 1296 1649 1353 spuma
1677 1283 1986 1353 procreata,

309 1378 380 1415 ex
414 1378 527 1435 qua
553 1366 612 1415 et
640 1358 920 1415 Mercurio
955 1357 1303 1434 Cupidinem
1333 1357 1645 1414 secundum
1673 1363 1874 1413 natum
1903 1376 1991 1412 ac-

309 1439 581 1514 cepimuS‚
606 1438 775 1495 tert-ia
803 1437 940 1494 Iove
969 1446 1105 1495 nata
1132 1444 1190 1495 et
1216 1437 1426 1506 Diona,
1452 1456 1595 1513 quae
1624 1437 1823 1513 nupsit
1851 1435 1990 1494 Vol-

308 1537 469 1589 can0‚
494 1518 593 1575 sed
621 1537 691 1575 ex
719 1536 786 1575 ea
813 1524 871 1574 et
892 1517 1076 1575 Marte
1104 1524 1271 1574 natus
1299 1518 1550 1575 Anteros
1577 1517 1803 1587 dicitur,
1828 1534 1990 1592 quar-

307 1606 368 1655 ta
409 1598 576 1655 Suria
616 1597 925 1675 Cyproque
958 1604 1251 1674 concepta,
1284 1616 1429 1673 quae
1461 1596 1693 1653 Astarte
1734 1604 1984 1667 vocatur,

309 1697 481 1755 quam
508 1677 768 1735 Adonidi
796 1678 1056 1755 nupsisse
1083 1677 1378 1754 proditum
1408 1684 1509 1735 est.
1594 1676 1851 1734 Minerva
1878 1676 1991 1753 pri-

305 1778 418 1829 ma,
445 1778 615 1834 quam
650 1759 940 1835 Apollinis
972 1765 1216 1815 matrem
1251 1777 1422 1835 supra
1448 1757 1715 1827 diximm,
1741 1756 1988 1814 secunda

307 1846 434 1895 orta
476 1838 629 1909 Ni10‚
662 1858 834 1915 quam
876 1839 1159 1915 Aegyptii
1193 1838 1384 1895 Saitae
1426 1838 1638 1908 colunt,
1669 1836 1839 1894 tertia
1870 1836 1984 1906 illa,

308 1937 479 1995 quam
526 1918 661 1975 Iove
709 1926 1037 1994 generatam
1089 1937 1261 1994 supra
1303 1917 1570 1988 diximuS‚
1608 1924 1809 1994 quarta
1850 1916 1985 1973 Iove

305 2005 442 2055 nata
469 2006 527 2055 et
554 1997 841 2075 Coryphe,
864 1998 1081 2056 Oceani
1110 1997 1241 2067 filia,
1264 2017 1434 2074 quam
1467 1998 1721 2054 Arcades
1755 1997 1986 2054 Coriam

305 2079 609 2135 nominant
636 2086 695 2135 et
723 2078 1127 2154 quadrigarum
1155 2078 1527 2134 inventricem
1550 2078 1760 2145 ferunt,
1787 2077 1987 2153 quinta

304 2157 599 2229 Pallantis,
631 2177 774 2234 quae
808 2164 1030 2234 patrem
1063 2158 1276 2215 dicitur
1307 2157 1660 2214 interemisse
1697 2157 1988 2232 virginita-

304 2244 424 2294 tem
447 2257 608 2295 suam
635 2237 846 2294 violare
874 2245 1197 2307 conantem,
1222 2237 1314 2294 cui
1336 2256 1652 2314 pennarum
1674 2237 1873 2293 talaria
1892 2236 1987 2292 ad-

304 2317 509 2393 figunt.
594 2323 686 2374 60.
732 2317 962 2393 Cupido
996 2318 1216 2394 primus
1248 2317 1530 2374 Mercurio
1564 2324 1623 2374 et
1654 2316 1844 2373 Diana
1876 2316 1988 2392 pri-

304 2417 402 2454 ma
441 2405 607 2454 natus
648 2397 875 2466 dicitur,
913 2397 1193 2454 secundus
1231 2396 1513 2454 Mercurio
1548 2404 1606 2454 et
1639 2396 1864 2455 Venere
1906 2414 1987 2453 se-

305 2476 508 2547 cunda,
532 2478 751 2548 tertiuS‚
777 2477 877 2553 qui
904 2477 1057 2534 idem
1087 2485 1175 2534 est
1201 2477 1469 2547 AnterOS‚
1493 2476 1676 2533 Marte
1710 2484 1769 2533 et
1800 2475 1987 2533 Vene-
2071 2508 2075 2511 ·

304 2576 364 2614 rc
398 2557 582 2625 tertia.
669 2556 863 2634 Atque
896 2557 1035 2614 haec
1078 2556 1312 2633 quidem
1355 2564 1413 2614 ct
1445 2556 1567 2613 eius
1599 2556 1762 2612 modi
1795 2574 1864 2612 cx
1897 2574 1987 2612 ve-

303 2644 425 2693 tere
453 2636 721 2694 Graeciae
742 2637 900 2693 fama
927 2637 1165 2694 collecta
1192 2643 1343 2706 sunt,
1365 2636 1571 2712 quibus
1593 2635 1877 2710 intellegis
1905 2655 1988 2691 re-

304 2716 622 2773 sistendum
667 2736 802 2786 esse,
831 2735 905 2773 ne
941 2716 1347 2792 perturbentur
1385 2715 1704 2792 religiones
1789 2714 1984 2773 Vestri

303 2802 497 2852 autem
540 2815 656 2852 non
701 2796 878 2852 modo
912 2795 1050 2853 haec
1091 2815 1208 2852 non
1255 2795 1541 2865 refellunt,
1571 2815 1768 2852 verum
1811 2795 1984 2851 etiam

227 2934 233 2940 ,
303 2874 646 2932 confirmant
666 2875 1095 2952 interpretando
1119 2894 1391 2952 quorsum
1415 2875 1666 2952 quidque
1685 2874 1981 2951 pertineat.

303 2955 419 3012 Sed
448 2975 516 3012 eo
545 2956 677 3025 iam,
702 2956 854 3012 unde
882 2955 993 3012 huc
1022 2955 1273 3031 degressi
1302 2975 1514 3026 sumuS,
1538 2962 1901 3012 revertamur.

385 3034 614 3093 XXIV.
701 3041 792 3092 61.
839 3035 997 3091 Num
1027 3054 1221 3092 censes
1249 3035 1427 3111 igitur
1448 3035 1744 3092 subtiliore
1764 3034 1985 3090 ratione

303 3133 452 3190 opus
480 3134 600 3172 esse
629 3115 702 3171 ad
732 3114 869 3171 haec
898 3114 1239 3172 refellenda?
1318 3113 1467 3170 Nam
1497 3120 1769 3182 mentem,
1792 3112 1983 3178 fidem,

303 3213 484 3270 spem,
504 3193 792 3265 virtutem,
816 3194 1113 3264 honorem,
1138 3193 1450 3262 victoriam,
1476 3193 1733 3258 salutem,
1758 3209 1984 3248 concor-

2047 3256 2136 3318 1
