2205 3431
539 132 675 181 LIB.
705 132 770 192 L,
800 132 954 181 CAP.
983 133 1210 195 xxm,
1236 134 1429 195 xxv„
1459 133 1487 193 ς
1516 136 1697 185 49-54.
1866 138 1962 185 165

280 235 541 292 custodia
581 235 827 311 publica,
864 235 1059 292 dicens
1108 236 1332 292 Critoni
1382 255 1484 293 suo
1533 237 1803 294 familiari
1852 238 1961 295 sibi

278 322 413 391 post
456 316 689 371 tertium
739 316 892 371 diem
940 335 1059 372 esse
1104 316 1499 372 moriendum:
1544 316 1752 373 vidisse
1798 337 1856 374 se
1901 319 1959 374 in

277 394 496 450 somnis
528 394 952 470 pulchritudine
995 396 1205 451 eximia
1243 395 1538 465 feminam,
1577 415 1721 472 quae
1762 415 1822 453 se
1863 417 1963 453 no-

278 474 432 531 mine
475 473 766 550 appellans
807 475 1020 531 diceret
1062 475 1440 532 Homericum
1498 477 1785 555 quendam
1845 478 1966 535 eius

277 554 440 611 modi
468 572 725 612 vzersum

537 674 710 721 Tertia
736 682 786 723 te
810 673 1025 722 Phthiae
1051 682 1316 735 tempestas
1343 674 1473 722 laeta
1499 675 1697 724 locabit.

276 789 466 861 Quod,
491 798 557 847 ut
585 797 670 848 est
699 790 936 862 dictum,
962 792 1041 848 sic
1070 791 1335 848 scribitur
1368 792 1691 868 contigisse.
1769 792 1961 849 Xeno-

277 871 438 947 phon
467 870 971 947 Socraticus—qui
998 872 1084 927 vir
1112 877 1170 928 et
1193 880 1438 947 quantus
1463 872 1618 929 l—-in
1648 891 1714 929 ea
1734 872 1956 942 militia,

279 970 392 1027 qua
420 969 550 1007 cum
574 950 726 1026 Cyro
750 951 969 1007 minore
992 950 1327 1026 perfunctus
1349 958 1450 1022 est,
1473 971 1575 1007 sua
1596 951 1792 1009 scribit
1813 971 1961 1008 som-

277 1031 390 1098 nia,
417 1049 661 1107 quorum
683 1037 919 1087 eventus
940 1029 1228 1087 mirabiles
1250 1031 1603 1089 exstiterunt.
1682 1038 1774 1089 53.
1807 1032 1961 1089 Men-

277 1110 375 1167 tiri
397 1110 847 1201 Xenophontem
868 1129 941 1166 an
961 1110 1197 1167 delirare
1220 1110 1505 1167 dicemus?
1554 1110 1742 1178 Quidv
1772 1112 1960 1188 singu-

278 1189 381 1247 lari
411 1191 496 1246 vir
524 1190 756 1265 ingenio
778 1190 1121 1247 Aristoteles
1148 1197 1207 1248 et
1229 1209 1406 1266 paene
1429 1190 1670 1247 divino
1655 1210 1852 1267 ipsene
1881 1211 1961 1248 er·

278 1277 367 1328 rat
393 1289 465 1326 an
495 1270 637 1325 alios
665 1269 786 1326 vult
814 1289 1011 1339 errare,
1033 1289 1165 1326 cum
1195 1270 1390 1327 scribit
1411 1270 1736 1327 Eudemum
1760 1270 1961 1347 Cypri-

279 1370 378 1406 um
412 1349 753 1406 familiarem
789 1369 953 1406 suum
984 1350 1094 1406 iter
1126 1351 1187 1406 in
1222 1350 1618 1407 Macedoniam
1650 1350 1958 1407 facientem

278 1430 495 1487 Pheras
530 1430 764 1498 venisse,
792 1449 935 1505 quae
970 1437 1090 1485 erat
1125 1429 1259 1486 urbs
1291 1430 1351 1485 in
1380 1429 1673 1486 Thessalia
1705 1436 1830 1487 tum
1865 1431 1961 1487 ad-

277 1510 517 1566 modum
545 1509 770 1578 nobilis,
796 1508 866 1564 ab
889 1508 1219 1566 Alexandro
1247 1517 1440 1566 autem
1469 1517 1714 1585 tyranno
1745 1510 1960 1567 crudeli

276 1590 578 1646 dominatu
612 1588 942 1645 tenebatur:
988 1589 1047 1644 in
1085 1607 1154 1644 eo
1193 1589 1371 1665 igitur
1412 1589 1629 1665 oppido
1667 1591 1749 1645 ita
1779 1591 1961 1666 gravi-

276 1677 366 1727 ter
398 1688 630 1746 aegrum
665 1668 989 1736 Eudemum
1023 1668 1218 1739 fuisse,
1249 1676 1316 1726 ut
1349 1687 1547 1727 omnes
1579 1670 1790 1727 medici
1818 1669 1959 1727 diffi-

276 1750 511 1807 dere’nt:
554 1750 606 1806 ei
635 1750 821 1805 visum
850 1751 910 1804 in
940 1749 1131 1825 quiete
1160 1749 1389 1825 egregia
1416 1749 1564 1806 facie
1592 1750 1853 1807 iuvenem
1879 1751 1961 1806 di-

276 1848 402 1887 cere
438 1829 564 1886 fore
597 1835 663 1885 ut
691 1828 948 1904 perbrevi
979 1829 1394 1886 convalesceret
1422 1829 1730 1906 paucisque
1758 1830 1960 1887 diebus

276 1909 642 1966 interiturum
703 1908 1096 1965 Alexandrum
1147 1916 1473 1985 tyrannum,
1521 1910 1711 1985 ipsum
1766 1918 1959 1966 autem

276 1989 602 2046 Eudemum
632 1988 1022 2065 quinquennio
1052 1996 1186 2066 post
1214 1989 1452 2046 domum
1482 2008 1601 2046 esse
1623 1990 1955 2047 rediturum.

276 2069 473 2146 Atque
514 2069 598 2124 ita
639 2068 871 2145 quidem
915 2069 1101 2144 prima
1143 2069 1337 2125 statim
1381 2068 1578 2126 scribit
1617 2069 1961 2126 Aristoteles

274 2155 594 2218 consecuta,
621 2156 678 2205 et
706 2147 1056 2205 convaluisse
1084 2148 1410 2205 Eudemum
1440 2157 1497 2205 et
1525 2148 1596 2204 ab
1625 2150 1818 2206 uxoris
1851 2151 1960 2206 fra-

274 2228 458 2285 tribus
508 2228 876 2285 interfectum
924 2235 1267 2303 tyrannum:
1314 2229 1517 2304 quinto
1566 2236 1758 2284 autem
1808 2248 1959 2285 anno

275 2314 534 2377 exeunte,
571 2327 701 2363 cum
745 2315 892 2363 esset
934 2327 1063 2384 spes
1101 2328 1170 2364 ex
1204 2308 1303 2364 illo
1338 2308 1563 2364 somnio
1598 2308 1657 2363 in
1701 2307 1959 2384 Cyprum

274 2387 437 2444 illum
472 2406 539 2443 ex
575 2386 770 2444 Sicilia
803 2406 922 2443 esse
958 2387 1291 2456 rediturum,
1317 2388 1692 2463 proeliantem
1726 2407 1858 2444 eum
1888 2388 1961 2445 ad

217 2472 220 2475 ’
273 2467 582 2542 Syracusas
618 2467 925 2524 occidisse:
969 2487 1038 2524 ex
1074 2486 1188 2542 quo
1221 2468 1305 2523 ita
1336 2466 1478 2523 illud
1513 2467 1800 2524 somnium
1841 2487 1960 2524 esse

274 2547 730 2622 interpretatum,
756 2554 837 2616 ut,
863 2565 993 2603 cum
1023 2547 1248 2603 animus
1271 2546 1516 2603 Eudemi
1546 2566 1576 2603 e
1605 2565 1842 2623 corpore
1871 2566 1962 2603 ex-

273 2627 518 2697 cesserit,
554 2633 679 2683 tum
723 2626 960 2683 domum
1003 2626 1297 2683 revertisse
1340 2627 1611 2683 videatur.
1698 2632 1791 2682 54.
1842 2626 1963 2683 Ad·

271 2707 578 2781 iungamus
599 2705 960 2783 philosophis
981 2705 1378 2762 doctissimum
1396 2706 1706 2775 hominem,
1723 2711 1959 2782 poetam

272 2786 506 2862 quidem
532 2786 819 2856 divinum,
845 2784 1209 2862 Sophoclem,
1236 2787 1354 2861 qui,
1380 2804 1511 2842 cum
1546 2804 1613 2841 ex
1649 2785 1788 2842 aede
1819 2785 1961 2842 Her-

271 2865 416 2922 culis
465 2873 662 2941 patera
701 2884 870 2922 aurea
908 2866 1097 2941 gravis
1141 2872 1399 2941 surrepta
1440 2872 1602 2935 esset,
1638 2865 1700 2921 in
1743 2866 1961 2921 somnis

273 2945 420 3002 vidit
453 2946 640 3022 ipsum
685 2946 859 3002 deum
901 2945 1188 3002 dicentem
1233 2946 1332 3021 qui
1364 2945 1427 3001 id
1458 2945 1703 3002 fecisset.
1789 2945 1960 3014 Quod

270 3024 446 3081 semel
494 3025 589 3081 ille
637 3026 959 3101 iterumque
1008 3024 1275 3101 neglexit.
1360 3024 1482 3082 Ubi
1515 3025 1668 3081 idem
1714 3026 1955 3100 saepiae,

269 3104 529 3162 ascendit
557 3106 616 3161 in
647 3105 861 3161 Areum
893 3122 1140 3181 pagum:
1186 3103 1394 3161 detulit
1425 3124 1561 3161 rem.
1648 3103 1960 3179 Areopagi-

268 3191 364 3242 tae
392 3184 802 3311 cqrtnprehendi
825 3184 1024 3241 iubent
1046 3203 1195 3255 eum,
1218 3184 1315 3260 qui
1344 3203 1379 3256 a
1405 3183 1691 3261 Sophocle
1720 3189 1840 3240 erat
1861 3201 1959 3239 no-
