2205 3431
489 132 626 182 Lm.
657 132 752 195 11.,
787 131 944 182 CAP.
976 101 1481 194 XLV.-x1,v11‡,§
1510 134 1752 181 115-121.
1907 134 1971 180 89

289 251 355 289 ac
396 232 504 290 deo
546 233 840 290 renovatio
881 233 1085 290 mundi
1128 231 1288 290 fieret
1328 239 1501 310 atque
1542 232 1696 290 idern
1740 239 1972 290 ornatus

290 319 557 370 oreretur.
638 318 768 369 119.
801 312 954 370 Nolo
984 313 1044 369 in
1075 312 1365 370 stellarum
1393 313 1613 370 ratione
1641 312 1857 370 multus
1878 333 1973 370 vo-

289 391 379 448 bis
411 392 593 449 videri
632 392 994 469 maximeque
1037 412 1247 463 earum,
1275 412 1418 469 quae
1460 411 1642 450 errare
1684 393 1968 450 dicuntur.

288 470 544 539 Quarum
577 478 773 529 tantus
805 479 893 529 est
925 481 1237 529 concentus
1271 493 1339 529 ex
1374 472 1772 529 dissimillimis
1805 473 1974 529 moti-

287 550 410 622 buS,
437 559 517 621 ut,
543 571 673 608 cum
704 571 928 609 summa
956 551 1189 609 Saturni
1218 553 1531 628 refrigeret,
1554 551 1745 609 media
1772 551 1973 609 Martis

287 630 571 700 incendat,
596 631 687 688 his
714 632 1012 689 interiecta
1041 632 1195 688 Iovis
1224 632 1468 689 illustret
1495 638 1555 689 et
1582 638 1865 709 temperet
1891 632 1974 688 in-

288 711 488 788 fraque
523 711 765 769 Martem
807 711 953 768 duae
996 711 1121 769 Soli
1162 711 1487 782 oboediant,
1520 712 1643 789 ipse
1678 711 1777 770 Sol
1810 730 1974 767 mun·

288 790 427 847 dum
462 810 694 848 omnem
729 811 830 848 sua
857 791 981 849 luce
1015 791 1303 868 compleat
1330 792 1402 848 ab
1438 811 1619 869 eoque
1656 790 1818 848 Luna
1849 790 1974 847 illu-

287 871 505 927 minata
531 871 903 946 graviditates
931 878 990 929 et
1017 878 1216 948 partus
1249 872 1473 929 adferat
1500 872 1972 948 maturitatesque

286 950 579 1026 gignendi.
642 949 800 1019 Quae
822 951 1113 1028 copulatio
1135 970 1324 1008 rerum
1348 960 1405 1009 et
1428 952 1588 1028 quasi
1612 952 1973 1008 consentiens

287 1030 361 1086 ad
382 1029 584 1087 mundi
605 1030 1060 1088 incolumitatem
1084 1033 1508 1106 coagmentatio
1537 1038 1771 1088 naturae
1801 1050 1971 1107 quern

286 1129 405 1166 non
446 1118 657 1181 movet,
689 1110 842 1168 hunc
885 1111 1093 1168 horum
1127 1110 1272 1168 nihil
1314 1130 1589 1188 umquam
1622 1110 1972 1187 reputavisse

286 1198 442 1247 certo
471 1191 606 1248 scio,

368 1270 614 1329 XLVII.
705 1276 835 1327 120.
867 1270 1014 1347 Age,
1037 1277 1107 1327 ut
1134 1290 1168 1327 a
1200 1271 1536 1328 caelestibus
1568 1271 1737 1329 rebus
1764 1270 1837 1327 ad
1865 1277 1974 1328 ter-

287 1357 492 1407 restres
524 1350 836 1421 veniamuS,
867 1351 1007 1426 quid
1050 1356 1138 1407 est
1170 1350 1230 1407 in
1264 1350 1354 1407 his
1392 1351 1451 1407 in
1496 1370 1610 1427 quo
1653 1369 1769 1407 non
1811 1358 1974 1408 natu-

286 1449 382 1487 rae
429 1430 575 1487 ratio
625 1430 1011 1507 intellegentis
1055 1431 1361 1506 appareat?
1434 1429 1731 1507 Principio
1772 1450 1972 1488 eorum

289 1528 434 1586 quae
466 1511 785 1587 gignuntur
824 1530 856 1567 e
896 1517 1049 1567 terra
1088 1509 1295 1586 stirpes
1336 1516 1395 1567 et
1428 1510 1798 1568 stabilitatem
1832 1510 1974 1567 dant

288 1590 376 1660 iis,
402 1609 546 1667 quae
589 1590 941 1647 sustinentur
981 1596 1041 1647 et
1072 1608 1106 1646 e
1138 1596 1290 1647 terra
1330 1609 1529 1647 sucum
1571 1590 1824 1660 trahunt,
1857 1609 1971 1667 quo

289 1669 512 1728 alantur
553 1689 634 1741 ea,
659 1689 805 1747 quae
846 1669 1133 1728 radicibus
1173 1670 1558 1741 continentur,
1589 1670 1974 1729 obducuntur-

290 1770 401 1827 que
443 1749 588 1808 libro
632 1759 732 1808 aut
773 1751 983 1809 cortice
1028 1751 1235 1818 trunci,
1267 1770 1382 1828 quo
1425 1752 1541 1808 sint
1584 1770 1619 1808 a
1660 1750 1973 1828 frigoribus

289 1839 348 1887 et
389 1830 670 1888 caloribus
711 1831 966 1888 tutioreS.
1052 1830 1175 1887 Iam
1211 1850 1343 1888 vero
1378 1831 1525 1888 vites
1566 1831 1646 1888 sic
1687 1829 1974 1888 claviculis

289 1911 637 1967 adminicula
657 1918 950 1987 tamquam
975 1910 1239 1967 manibus
1261 1911 1699 1988 apprehendunt
1720 1919 1891 1988 atque
1914 1930 1997 1967 se·

290 1991 374 2047 ita
401 1991 630 2067 erigunt
658 1998 723 2047 ut
750 1990 1083 2048 animantes,
1171 1989 1323 2059 Quin
1359 1991 1532 2048 etiarn
1568 2010 1600 2047 a
1628 1990 1900 2060 caulibuS‚
1925 1991 1973 2047 si

291 2078 527 2146 propter
554 2071 664 2127 sati
691 2071 823 2140 sint,
841 2078 906 2127 ut
927 2090 961 2127 a
988 2070 1277 2147 pestiferis
1307 2077 1365 2128 et
1385 2071 1725 2128 nocentibus
1753 2071 1975 2146 refuge·

266 2169 351 2212 ‚re
385 2150 656 2207 dicuntur
687 2170 793 2207 nec
827 2170 924 2207 eos
956 2151 1072 2207 ulla
1105 2169 1174 2207 ex
1208 2158 1369 2226 parte
1402 2151 1750 2227 contingere.
1839 2157 1971 2208 121.

291 2229 693 2287 Animantium
714 2249 848 2287 vero
879 2238 1092 2307 quanta
1113 2231 1352 2287 varietas
1380 2237 1482 2300 est,
1508 2236 1720 2307 quanta
1746 2230 1821 2288 ad
1848 2250 1974 2287 eam

292 2329 412 2366 rem
435 2310 538 2379 viS,
562 2317 628 2367 ut
654 2310 714 2366 in
745 2329 848 2366 suo
878 2329 1135 2387 quaeque
1164 2329 1370 2386 genere
1397 2311 1765 2386 permaneat!
1829 2308 1976 2378 Qua-

292 2408 421 2445 rum
450 2389 592 2447 aliae
620 2390 790 2447 coriis
818 2396 1003 2448 tectae
1032 2396 1184 2461 sunt,
1208 2389 1349 2447 aliae
1377 2389 1526 2446 villis
1554 2391 1809 2460 vestitae,
1834 2389 1977 2446 aliae

294 2469 474 2545 spinis
494 2468 761 2540 hirsutae,
781 2469 979 2546 pluma
999 2470 1153 2540 aliaS,
1174 2469 1311 2526 alias
1340 2489 1577 2546 squama
1596 2470 1858 2527 videmus
1880 2469 1978 2526 ob-

294 2548 512 2619 ductas,
536 2549 674 2606 alias
701 2568 821 2607 esse
849 2549 1119 2607 cornibus
1147 2557 1407 2621 armataS,
1432 2549 1569 2606 alias
1602 2549 1809 2607 habere
1838 2550 1977 2606 effu-

294 2628 390 2702 gia
416 2647 748 2705 pennarum.
833 2628 1073 2686 Pastum
1101 2636 1293 2687 autem
1323 2629 1710 2686 animantibus
1737 2629 1890 2705 large
1919 2639 1977 2686 et

295 2708 527 2784 copiose
554 2717 759 2766 natura
785 2727 934 2779 eum,
959 2710 1058 2786 qui
1087 2710 1293 2786 cuique
1326 2716 1495 2786 aptus
1529 2717 1665 2780 erat,
1689 2728 1976 2786 compara-

295 2787 395 2845 vit.
480 2787 827 2845 Enumerare
868 2807 1104 2865 possum
1146 2789 1219 2845 ad
1252 2808 1384 2846 eum
1418 2796 1645 2865 pastum
1689 2807 1978 2865 capessen-

296 2867 436 2924 dum
466 2867 998 2945 conficiendumque
1021 2888 1166 2945 quae
1195 2874 1269 2925 sit
1290 2869 1349 2925 in
1372 2865 1569 2944 figuris
1597 2868 1977 2926 animantium

297 2954 355 3004 et
384 2966 555 3023 quam
585 2947 781 3004 sollers
814 2947 1151 3025 subtilisque
1179 2949 1476 3025 discriptio
1504 2950 1754 3024 partium
1785 2967 1977 3024 quam-

297 3045 409 3102 que
442 3026 794 3084 admirabilis
820 3026 1039 3084 fabrica
1069 3027 1474 3085 membrorum.
1558 3028 1770 3085 Omnia
1803 3028 1974 3097 enim,

298 3124 444 3182 quae
473 3107 704 3183 quidem
728 3107 885 3164 intus
905 3107 1124 3164 inclusa
1152 3114 1301 3178 sunt,
1322 3109 1403 3165 ita
1428 3115 1563 3164 nata
1590 3115 1763 3184 atque
1791 3107 1872 3163 ita
1900 3107 1977 3161 lo-

297 3193 426 3242 cata
453 3194 604 3258 sunt,
624 3193 687 3244 ut
714 3186 857 3244 nihil
887 3207 1083 3245 eorum
1114 3207 1590 3264 supervacaneum
1621 3188 1711 3257 sit,
1732 3185 1876 3242 nihil
1904 3185 1975 3242 ad
