2205 3431
632 476 719 538 M.
765 475 1058 539 TULLII
1115 474 1584 536 CICERONIS

397 639 565 719 DE
628 638 1182 719 NATURA
1239 636 1815 718 DEORUM

814 809 925 882 AD
964 809 1045 883 M.
1084 808 1414 883 BRUTUM

670 973 998 1034 LIBER
1055 973 1548 1035 TERTIUS.

807 1208 1415 1258 ARGUMENTUM.

336 1308 448 1357 Hoc
474 1307 600 1356 libro
627 1308 907 1356 continetur
935 1308 1113 1357 Cottae
1135 1307 1427 1355 Academici
1450 1315 1623 1354 contra
1646 1306 1863 1355 Stoicam
1893 1307 1954 1355 dc

268 1374 347 1421 dis
377 1374 614 1421 rationem
643 1374 928 1435 disputatio.
1004 1374 1096 1433 Ea,
1121 1382 1177 1420 ut
1204 1373 1452 1434 superiore
1476 1372 1615 1431 libro,
1639 1373 1690 1419 in
1719 1383 1955 1434 quattuor

270 1450 434 1501 partes
456 1439 719 1486 distributa
743 1449 836 1487 est.
909 1439 1040 1486 Nam
1066 1438 1337 1499 praemisso
1359 1439 1612 1499 prooemio
1636 1438 1794 1499 prima
1817 1449 1955 1499 palte

269 1505 353 1552 ille
381 1504 659 1565 respondet,
681 1519 786 1565 cap.
812 1506 924 1562 3-7‚
951 1503 978 1562 ἓ
1004 1506 1151 1564 6-19,
1175 1503 1240 1550 ad
1263 1517 1337 1564 ea,
1357 1504 1535 1565 quibus
1563 1503 1753 1551 Balbus
1779 1504 1956 1551 docere

269 1570 491 1617 voluerat
516 1584 624 1617 esse
651 1569 785 1617 deos.
857 1571 938 1618 Ac
965 1568 1125 1630 primo
1153 1568 1355 1631 quidem
1379 1569 1465 1628 ita,
1489 1577 1543 1616 ut
1566 1569 1796 1616 ostendat
1819 1583 1957 1630 prae-

270 1646 350 1683 ter
371 1650 476 1683 rem
499 1635 802 1693 argumentis
825 1648 933 1682 eam
955 1643 1147 1696 partem
1168 1633 1374 1681 rationis
1392 1634 1588 1682 Stoicae
1610 1633 1953 1682 confirmatam

269 1715 394 1761 esse,
418 1699 459 1749 si
487 1699 690 1763 quidem
716 1714 887 1748 verum
915 1700 993 1759 sit,
1023 1698 1159 1762 quod
1183 1699 1335 1749 Stoici
1363 1698 1548 1761 dicant,
1571 1714 1678 1748 esse
1706 1696 1841 1758 deOS‚
1864 1714 1956 1748 nec

268 1782 416 1826 egere
442 1767 664 1814 oratione
691 1781 810 1824 rem,
835 1766 967 1828 quod
990 1767 1053 1813 sit
1075 1765 1349 1827 perspicua,
1372 1774 1429 1813 ut
1451 1765 1582 1813 inter
1607 1780 1779 1813 omues
1807 1766 1870 1814 de
1896 1781 1957 1814 ea

270 1847 323 1879 ne
350 1841 558 1891 constet,
581 1830 759 1879 deinde
786 1833 890 1890 agit
916 1831 979 1879 de
1005 1841 1297 1889 argumento
1325 1846 1357 1878 a
1383 1830 1687 1878 divinatione
1709 1831 1879 1892 petito,
1905 1841 1957 1880 et

271 1897 529 1946 Cleanthis
552 1906 601 1944 et
623 1897 881 1958 Chrysippi
903 1904 1197 1956 argumenta
1213 1897 1424 1945 breviter
1441 1897 1768 1958 reprehendit,
1785 1912 1957 1959 quam-

269 1978 423 2025 quam
449 1978 510 2010 ea
536 1976 648 2024 pars
675 1977 772 2008 non
802 1962 993 2022 integra
1019 1961 1083 2008 ad
1112 1976 1202 2009 nos
1228 1962 1466 2024 pervenit.
1541 1963 1769 2012 Secunda
1796 1974 1949 2024 parte,

269 2043 378 2089 cap.
404 2030 548 2085 8-25,
573 2026 601 2084 ξ
626 2029 808 2086 19-65Ἰ
823 2027 991 2073 omnia
1014 2042 1073 2074 ea
1091 2027 1462 2088 impugnantur,
1487 2042 1614 2089 quae
1637 2027 1699 2076 de
1722 2028 1798 2075 dis
1818 2030 1950 2090 ipsis,

269 2092 439 2155 quales
472 2101 648 2151 esseut,
679 2092 931 2153 disputata
964 2101 1120 2140 erant.
1194 2092 1371 2155 Itaque
1398 2093 1557 2155 primo
1584 2107 1684 2140 nou
1718 2108 1779 2141 ea
1811 2109 1957 2154 argu-

270 2166 439 2205 menta
463 2157 621 2205 solum
645 2157 882 2217 dissolvit,
906 2157 1086 2220 quibus
1104 2157 1304 2218 mundo,
1324 2158 1435 2219 soli,
1454 2158 1599 2207 lunae
1617 2158 1957 2221 sideribusque

269 2224 502 2270 divinitas
525 2222 772 2270 vindicata
793 2232 916 2284 erat,
940 2223 1027 2271 sed
1048 2224 1202 2270 etiam
1225 2238 1286 2271 ea
1307 2224 1475 2285 opinio
1495 2238 1645 2285 quam
1661 2224 1874 2272 absurda
1891 2225 1957 2272 sit

269 2288 489 2350 pluribus
522 2288 827 2349 argumentis
861 2288 1195 2336 demonstrat:
1246 2304 1459 2351 quorum
1492 2288 1635 2336 facile
1667 2289 1955 2351 primarium

269 2353 393 2401 illud
425 2360 515 2413 est,
540 2368 637 2415 quo
676 2353 959 2401 Carneades
993 2354 1066 2401 uti
1101 2353 1290 2401 solebat
1322 2364 1495 2402 contra
1528 2353 1736 2414 Stoicos,
1764 2354 1957 2402 nullum

271 2433 433 2480 neque
460 2434 639 2480 corpus
662 2433 822 2481 neque
843 2419 1045 2480 animal,
1069 2419 1203 2482 quod
1228 2419 1481 2481 patibilem
1504 2428 1732 2466 naturam
1756 2419 1950 2478 habeat,

270 2484 552 2532 immortale
591 2494 642 2532 et
676 2496 933 2532 aeternum
967 2499 1074 2532 esse
1108 2499 1267 2546 posse,
1296 2484 1668 2532 immortalitate
1707 2494 1873 2532 autem
1908 2495 1957 2532 et

270 2550 565 2598 aeternitate
599 2549 793 2596 sublata
825 2549 982 2612 ipsam
1019 2549 1329 2598 divinitatem
1365 2550 1487 2598 tolli.
1568 2550 1767 2597 Deinde
1802 2551 1957 2611 poeti-

271 2630 357 2662 cos
384 2614 501 2662 deos
528 2624 579 2663 et
602 2630 725 2676 quos
753 2615 889 2677 plebs
917 2615 1256 2677 superstitiosa
1287 2616 1629 2675 venerabatur,
1657 2617 1957 2677 σωρειτικαῒς

271 2678 546 2742 ἐρωτήσεσι,
572 2681 748 2741 quibus
777 2680 1062 2728 Carneades
1089 2681 1142 2727 in
1167 2680 1259 2727 hac
1287 2680 1619 2742 disputatione
1647 2680 1718 2727 uti
1747 2680 1951 2731 solebat.

271 2744 479 2806 aliisque
513 2746 817 2805 argumentis
851 2745 993 2793 tollit.
1066 2746 1239 2792 Tertia
1272 2757 1441 2793 autem
1468 2760 1580 2806 pars
1614 2744 1957 2805 disputationis

272 2826 386 2858 cum
409 2811 630 2872 partibus
658 2811 848 2858 duabus
875 2819 1079 2872 quartae
1101 2811 1365 2858 intercidit.
1439 2811 1571 2858 Nam
1595 2819 1773 2872 quarta
1794 2811 1956 2872 dispu-

272 2876 474 2922 tationis
503 2877 700 2925 Stoicae
727 2891 852 2936 pars‚
877 2891 1003 2937 quae
1029 2876 1148 2924 deos
1171 2875 1442 2937 providisse
1468 2885 1518 2922 et
1546 2875 1847 2923 cousuluisse
1871 2877 1958 2923 ho-

273 2942 491 2988 minibus
513 2941 841 2989 contendebat
859 2951 1092 3003 quattuor
1114 2942 1422 3000 argumentis
1440 2941 1704 3000 nitebatur,
1727 2942 1855 2990 conf.
1880 2957 1958 2989 ar-

273 3018 583 3065 gumentum,
609 3006 692 3054 lib.
716 3007 787 3054 11.
812 3017 935 3054 extr.
957 3024 968 3054 ε
1004 3007 1182 3056 horum
1211 3007 1427 3054 secundo
1453 3017 1503 3054 et
1525 3017 1704 3068 quarto
1727 3021 1856 3068 quae
1885 3023 1960 3054 re-

273 3072 530 3133 spondisse
554 3072 704 3120 Cotta
721 3072 941 3132 fingitur,
964 3086 1022 3119 ea
1046 3072 1150 3119 sola
1167 3081 1468 3131 manserunt,
1489 3086 1594 3133 cap.
1620 3074 1793 3131 26-40,
1815 3071 1841 3128 5
1862 3074 1960 3119 66-

273 3139 356 3185 95.
430 3137 662 3186 Ostendit
705 3137 836 3184 enim
870 3137 1049 3199 primo,
1081 3137 1260 3198 quibus
1295 3138 1438 3185 rebus
1472 3136 1751 3184 hominibus
1784 3151 1960 3184 consu·

275 3202 424 3251 luisse
450 3202 502 3251 di
530 3203 775 3264 dicantur,
798 3217 881 3250 eas
908 3202 1184 3265 plerasque,
1211 3203 1263 3249 in
1292 3203 1463 3264 primis
1491 3203 1750 3260 rationem,
1778 3201 1842 3248 ad
1871 3201 1958 3248 ho-

2015 3254 2112 3314 f
