2205 3431
526 141 665 189 LIB.
697 142 764 202 I.,
789 140 946 191 CAP.
975 141 1464 202 XXV.-XXVIII.,
1492 138 1521 199 ξ
1550 142 1727 190 54-59.
1874 144 1970 191 167

290 259 450 299 rum:
495 242 688 318 itaque
722 240 1080 299 Simonidem
1114 241 1342 312 redisse,
1366 241 1578 317 perisse
1612 247 1844 312 ceterOS,
1872 242 1971 318 qui

288 329 415 380 turn
444 322 818 397 navigassent.
907 321 998 379 57.
1044 320 1308 378 Alterum
1330 321 1413 378 ita
1440 321 1731 390 traditum,
1756 320 1970 378 clarum

289 402 601 458 admodum
633 403 936 458 somnium.
1021 401 1170 457 Cum
1201 401 1315 458 duo
1347 400 1580 477 quidam
1611 401 1863 457 Arcades
1890 402 1973 458 fa-

288 481 536 538 miliares
570 482 678 538 iter
711 500 825 538 una
856 482 1111 538 facerent
1145 489 1203 537 et
1238 481 1527 557 Megaram
1562 481 1865 551 venissent,
1898 481 1973 537 al-

289 568 475 618 terum
504 561 576 618 ad
607 580 924 637 cauponem
954 562 1276 631 devertisse,
1303 561 1377 617 ad
1399 560 1686 636 hospitem
1710 560 1967 617 alterum.

290 641 403 710 Qui
431 648 496 698 ut
525 642 710 697 cenati
740 641 1107 717 quiescerent,
1134 640 1411 698 concubia
1439 649 1607 697 nocte
1635 640 1819 697 visum
1851 660 1972 698 esse

289 721 347 777 in
384 721 600 777 somnis
633 721 702 790 ei,
729 720 828 797 qui
856 727 976 777 erat
1003 721 1064 776 in
1092 719 1362 797 hospitiO,
1387 720 1548 777 illum
1578 719 1819 777 alterum
1854 739 1974 777 ora-

288 820 349 857 re
381 809 448 857 ut
481 800 822 871 subveniret,
853 799 1010 877 quod
1038 800 1147 857 sibi
1176 819 1210 856 a
1236 819 1493 877 caupone
1521 800 1787 858 interitus
1815 819 1973 876 para-

288 887 475 938 retur:
526 899 658 937 eum
703 880 891 956 primo
940 880 1305 956 perterritum
1355 880 1580 936 somnio
1630 880 1968 937 surrexisse:

289 960 423 1017 dein
465 979 596 1017 cum
639 979 697 1017 se
740 960 1060 1036 collegisset
1093 960 1266 1036 idque
1302 960 1486 1018 visum
1520 979 1626 1036 pro
1659 959 1841 1016 nihilo
1875 959 1972 1016 ha-

288 1040 541 1097 bendum
576 1059 696 1097 esse
729 1040 998 1110 duxisset,
1021 1039 1377 1097 recubuisse:
1421 1047 1545 1098 tum
1578 1040 1629 1096 ei
1660 1040 1970 1097 dormienti

289 1121 554 1177 eumdem
596 1119 757 1176 illum
802 1119 983 1176 visum
1030 1139 1150 1177 esse
1192 1139 1407 1196 rogare,
1440 1127 1521 1191 ut,
1554 1120 1825 1197 quoniam
1862 1119 1970 1176 sibi

289 1200 419 1256 vivo
453 1220 570 1257 non
606 1198 973 1269 subvenisset,
998 1206 1246 1257 mortem
1281 1219 1441 1257 suam
1470 1219 1542 1257 ne
1570 1200 1814 1257 inultam
1850 1218 1971 1255 esse

289 1288 591 1355 pateretur,
614 1299 671 1336 se
694 1280 1059 1336 interfectum
1082 1280 1144 1336 in
1165 1280 1482 1357 plaustrum
1511 1299 1545 1336 a
1572 1290 1829 1355 caupone
1851 1298 1971 1336 esse

288 1360 609 1416 coniectum
641 1367 698 1416 et
727 1378 898 1436 supra
931 1366 1145 1416 stercus
1173 1360 1464 1430 iniectum,
1489 1367 1682 1436 petere
1711 1366 1776 1417 ut
1803 1378 1972 1415 mane

288 1439 362 1496 ad
390 1447 612 1515 portam
649 1439 887 1509 adesset,
912 1440 1071 1516 prius
1106 1458 1277 1515 quam
1306 1440 1624 1516 plaustrum
1654 1458 1722 1494 ex
1753 1439 1970 1515 oppido

289 1520 480 1576 exiret.
563 1518 690 1575 Hoc
720 1537 851 1576 vero
881 1537 1012 1576 eum
1048 1520 1275 1576 somnio
1304 1527 1660 1577 commotum
1683 1538 1850 1575 mane
1873 1518 1973 1575 bu-

287 1599 457 1656 bulco
486 1606 712 1675 praesto
741 1599 815 1656 ad
842 1605 1072 1676 portam
1100 1600 1295 1669 fuisse,
1322 1600 1603 1676 quaesisse
1634 1618 1703 1655 ex
1732 1618 1800 1656 eo
1831 1598 1972 1675 quid

288 1685 436 1737 osset
470 1679 530 1735 in
563 1679 850 1756 plaustro:
895 1679 1058 1737 illum
1093 1680 1458 1756 perterritum
1492 1678 1727 1756 fugisse,
1757 1687 1973 1737 mortu-

288 1780 389 1816 um
431 1767 656 1816 erutum
698 1779 835 1833 esse,
866 1779 1184 1837 cauponem
1218 1779 1278 1817 re
1311 1761 1600 1837 patefacta
1632 1778 1845 1837 poenas
1879 1760 1973 1816 de-

289 1840 455 1897 disse.

370 1918 660 1976 XXVIII.
749 1925 841 1976 58.
886 1918 1041 1986 Quid
1068 1919 1180 1976 hoc
1214 1920 1438 1977 somnio
1469 1919 1582 1977 dici
1610 1926 1804 1996 potest
1833 1919 1973 1976 divi-

288 2000 455 2056 nius?
538 1998 652 2056 Sed
702 2000 842 2077 quid
885 2006 985 2056 aut
1027 1999 1193 2076 plura
1234 2008 1335 2057 aut
1379 2007 1569 2057 vetera
1614 2000 1973 2076 quaerimus?

291 2080 471 2155 Saepe
513 2078 620 2136 tibi
661 2098 855 2137 meum
897 2080 1134 2148 narravi,
1168 2098 1335 2155 saepe
1378 2099 1446 2136 ex
1480 2087 1539 2136 te
1580 2080 1772 2137 audivi
1805 2087 1970 2137 tuum

290 2159 610 2217 somnium:
654 2178 762 2229 me,
800 2178 932 2216 cum
963 2159 1139 2216 Asiae
1171 2160 1497 2236 provinciae
1530 2178 1864 2237 praeessem,
1896 2161 1974 2215 vi-

290 2239 488 2296 disse
473 2259 531 2295 in
569 2240 775 2315 quiete,
808 2258 939 2296 cum
973 2245 1039 2296 tu
1072 2258 1220 2316 equo
1255 2239 1525 2296 advectus
1568 2241 1641 2298 ad
1685 2240 1971 2316 quandam

289 2320 486 2396 magni
516 2317 769 2375 fluminis
797 2319 999 2395 ripam,
1022 2326 1326 2395 provectus
1360 2319 1551 2376 subito
1585 2324 1757 2396 atque
1787 2318 1974 2394 delap-

291 2420 386 2456 sus
418 2400 478 2455 in
512 2398 740 2468 flumen,
766 2417 1046 2475 nusquam
1082 2400 1453 2475 apparuisses,
1479 2419 1571 2457 me
1606 2398 1974 2456 contremuis-

291 2499 351 2536 se
383 2479 590 2536 timore
618 2479 1015 2555 perterritum:
1057 2485 1185 2536 tum
1214 2487 1271 2536 te
1300 2486 1532 2554 repente
1562 2479 1774 2536 laetum
1808 2478 1974 2535 exsti-

289 2560 425 2617 tisse
454 2559 770 2635 eodemque
798 2578 946 2635 equo
976 2558 1268 2616 adversam
1298 2558 1614 2616 ascendisse
1642 2559 1826 2634 ripam
1848 2577 1975 2614 nos-

292 2658 402 2715 que
450 2639 599 2695 inter
648 2658 752 2695 nos
801 2657 920 2695 esse
969 2639 1316 2715 complexos
1401 2639 1602 2695 Facilis
1651 2639 1975 2695 coniectura

289 2719 461 2775 huius
502 2719 728 2788 somnii,
761 2718 1017 2795 mihique
1051 2738 1086 2775 a
1118 2720 1317 2796 peritis
1349 2719 1407 2775 in
1445 2719 1587 2775 Asia
1618 2718 1969 2794 praedictum

292 2806 380 2856 est
406 2799 531 2855 fore
560 2818 658 2855 eos
687 2806 924 2855 eventus
951 2818 1157 2869 rerum,
1184 2799 1282 2875 qui
1306 2799 1645 2856 acciderunt.
1734 2803 1825 2855 59.
1863 2798 1976 2854 Ve-

290 2879 390 2934 nio
423 2898 575 2935 nunc
610 2878 682 2934 ad
712 2885 895 2936 tuum.
979 2878 1197 2935 Audivi
1228 2879 1493 2956 equidem
1524 2898 1591 2935 ex
1620 2886 1677 2935 te
1704 2878 1850 2955 ips0,
1875 2877 1976 2933 sed

291 2957 436 3014 mihi
478 2958 705 3034 saepius
745 2966 939 3015 noster
981 2957 1283 3016 Sallustius
1325 2959 1588 3028 narravit,
1620 2977 1748 3015 cum
1784 2958 1846 3013 in
1880 2957 1976 3013 illa

290 3038 434 3114 fuga
465 3038 633 3094 nobis
666 3038 931 3115 gloriosa,
962 3039 1180 3115 patriae
1222 3037 1552 3094 calamitosa
1585 3038 1639 3094 in
1677 3038 1811 3094 villa
1844 3056 1975 3113 qua·

292 3118 426 3175 dam
476 3119 663 3194 campi
713 3118 969 3175 Atinatis
1018 3137 1276 3175 maneres
1323 3135 1704 3193 magnamque
1753 3124 1975 3191 partem

290 3198 479 3257 noctis
522 3198 829 3274 vigilasseS,
861 3198 935 3256 ad
968 3197 1153 3255 lucem
1197 3198 1443 3273 denique
1486 3204 1605 3252 arte
1639 3203 1697 3251 et
1730 3194 1972 3269 graviter

2071 3278 2125 3342 A
