2205 3431
226 122 321 170 156
747 119 846 167 DE
880 117 1381 168 DIVINATIONE.

225 239 352 279 rum
393 237 587 296 regem
629 220 1114 276 commemorem?
1163 218 1262 294 qui
1304 216 1449 273 nihil
1483 234 1758 293 umquam
1801 217 1919 275 nisi

225 299 519 377 auspicato
548 299 711 375 gerit.
790 298 903 367 Qui
933 317 1064 355 cum
1093 317 1162 355 ex
1191 298 1395 354 itinere
1426 296 1674 374 quodam
1704 316 1920 374 propo-

226 381 357 450 sito,
388 379 561 436 etiam
603 378 917 435 constituto
959 378 1284 435 revertisset
1317 377 1539 454 aquilae
1580 377 1919 435 admonitus

225 459 437 530 volatu,
468 456 734 515 conclave
767 456 927 528 illud,
958 457 1058 514 ubi
1090 465 1213 514 erat
1244 476 1563 528 mansurus,
1594 457 1643 513 si
1675 457 1757 514 ire
1791 476 1920 534 per·

225 540 479 609 rexisset,
514 537 778 614 proxima
809 545 979 595 nocte
1021 537 1252 594 corruit.
1338 537 1432 595 27.
1479 536 1698 614 Itaque,
1735 545 1803 595 ut
1845 556 1918 594 ex

225 621 355 696 ipso
389 617 709 688 audiebam,
732 636 1003 694 persaepe
1037 617 1272 674 revertit
1299 636 1369 674 ex
1390 617 1611 688 itinere,
1637 635 1768 674 cum
1797 617 1918 674 iam

226 717 559 777 progressus
585 705 733 754 esset
753 696 1068 754 multorum
1097 697 1320 754 dierum
1348 697 1516 755 viam.
1593 696 1772 754 Cuius
1795 697 1920 774 qui·

228 780 361 836 dem
403 777 513 834 hoc
554 776 1067 854 praeclarissimum
1102 783 1206 849 est,
1244 777 1400 854 quod
1432 783 1633 854 postea
1666 796 1840 854 quam
1883 796 1921 833 a

228 859 468 920 Caesare
510 857 830 929 tetrarchia,
866 876 1043 934 regno
1086 857 1442 949 pecuniaque
1491 855 1767 914 multatus
1810 865 1917 927 est,

228 946 403 1015 negat
451 956 509 994 se
557 944 751 994 tamen
801 956 998 994 eorum
1050 937 1453 1015 auspiciorum,
1491 955 1635 1013 quae
1684 934 1793 992 sibi
1842 899 1920 993 ad

229 1017 577 1095 Pompeium
609 1016 994 1109 proficiscenti
1028 1017 1282 1074 secunda
1321 1017 1631 1087 evenerint,
1661 1016 1922 1093 poenite-

229 1117 319 1156 re:
365 1104 594 1154 senatus
627 1097 781 1154 enim
815 1098 1216 1156 auctoritatem
1251 1104 1309 1155 et
1341 1096 1544 1174 populi
1577 1096 1825 1153 Romani
1855 1095 1919 1153 li-

230 1179 512 1235 bertatem
553 1184 726 1253 atque
767 1177 995 1254 imperii
1036 1177 1382 1254 dignitatem
1424 1178 1541 1234 suis
1581 1177 1755 1233 armis
1796 1195 1920 1233 esse

232 1259 546 1321 defensam,
577 1257 800 1335 sibique
840 1277 934 1314 eas
962 1276 1109 1328 aveS,
1135 1257 1343 1334 quibus
1375 1256 1702 1314 auctoribus
1746 1255 1923 1312 offici-

232 1359 329 1396 um
361 1345 420 1396 et
447 1322 619 1395 fidem
649 1344 876 1395 secutus
905 1344 1066 1409 csset,
1086 1337 1232 1395 bene
1256 1336 1639 1394 consuluisse.
1674 1336 1921 1412 antiqui-

235 1437 393 1476 orem
438 1418 592 1474 enim
638 1418 746 1475 sibi
787 1418 965 1475 fuisse
1008 1417 1465 1494 possessionibus
1507 1417 1623 1474 suis
1655 1416 1917 1492 gloriam.

236 1498 340 1556 Ille
373 1498 519 1555 mihi
553 1497 779 1555 videtur
811 1498 989 1575 igitur
1021 1517 1151 1555 vere
1185 1497 1464 1574 augurari.
1549 1497 1702 1553 Nam
1736 1496 1922 1552 nostri

238 1578 470 1656 quidem
512 1579 880 1654 magistratus
921 1578 1189 1654 auspiciis
1221 1584 1463 1634 utuntur
1495 1577 1723 1634 coactiS.
1809 1576 1923 1632 Nc-

236 1678 390 1717 cesse
433 1659 585 1717 enim
629 1665 715 1717 est
757 1659 876 1715 offa
903 1658 1130 1715 obiecta
1162 1656 1360 1714 cadere
1393 1658 1645 1714 frustum
1674 1675 1744 1713 ex
1776 1656 1923 1733 pulli

238 1760 352 1811 ore,
378 1759 507 1796 cum
536 1740 802 1815 pascitur.
890 1746 982 1797 28.
1028 1738 1200 1806 Quod
1228 1745 1420 1795 autem
1449 1738 1724 1815 scriptum
1753 1736 1925 1793 habc-

238 1821 315 1876 tis
348 1820 664 1896 tripudium
700 1818 838 1888 fieri,
870 1820 918 1875 si
951 1838 1021 1875 cx
1055 1838 1123 1875 ea
1156 1818 1296 1895 quid
1323 1818 1384 1874 in
1413 1817 1599 1874 solum
1634 1816 1921 1886 ceciderit,

239 1899 350 1955 hoc
401 1918 644 1976 quoque,
677 1899 833 1976 quod
870 1899 1008 1970 dixi,
1040 1906 1303 1955 coactum
1348 1897 1669 1974 tripudium
1718 1896 1927 1953 solisti-

240 1998 401 2036 mum
431 1979 635 2035 dicitis.
720 1978 924 2056 Itaque
951 1979 1135 2036 multa
1161 1977 1412 2054 auguria,
1437 1977 1619 2035 multa
1651 1976 1922 2053 auspicia,

243 2059 399 2136 quod
432 2058 578 2115 Cato
612 2057 705 2115 ille
740 2059 965 2134 sapiens
1000 2058 1271 2136 queritur,
1302 2057 1665 2134 neglegentia
1697 2056 1926 2132 collegii

242 2139 449 2196 amissa
475 2137 642 2214 plane
672 2145 729 2196 et
757 2138 979 2196 deserta
1006 2145 1155 2195 sunt.

323 2218 491 2277 XVI.
538 2217 699 2275 Nihil
733 2219 854 2275 fere
889 2218 1182 2295 quondam
1215 2217 1448 2274 maioris
1480 2217 1561 2273 rci
1595 2216 1708 2272 nisi
1740 2215 1928 2291 auspi-

245 2306 392 2371 cat0,
432 2317 504 2355 ne
552 2298 819 2374 privatim
868 2299 1118 2375 quidem,
1160 2297 1493 2374 gerebatur:
1546 2296 1702 2373 quod
1751 2295 1927 2352 etiam

244 2398 398 2436 nunc
441 2378 773 2454 nupt-iarum
818 2379 1076 2454 auspices
1121 2377 1426 2448 declarant,
1468 2377 1568 2453 qui
1611 2395 1671 2433 re
1716 2375 1931 2432 omissa

245 2478 455 2516 nomen
489 2464 715 2515 tantum
750 2464 963 2515 tenent.
1049 2457 1200 2514 Nam
1233 2464 1299 2515 ut
1326 2476 1476 2514 nunc
1506 2456 1931 2531 extis—quam·

248 2559 419 2616 quam
442 2538 540 2595 id
525 2557 713 2615 ipsum
737 2537 1029 2614 aliquanto
1057 2538 1250 2594 minus
1279 2556 1449 2614 quam
1478 2535 1779 2594 olim—sic
1801 2540 1929 2591 tum

248 2620 447 2677 avibus
480 2637 723 2695 magnae
755 2637 843 2675 res
864 2617 1156 2710 impetriri
1191 2617 1465 2675 solebant.
1551 2615 1771 2693 Itaque,
1797 2613 1930 2670 sini-

249 2706 365 2756 stra
397 2700 535 2757 dum
564 2718 682 2755 non
711 2697 1076 2774 exquilinum,
1100 2698 1160 2754 in
1191 2698 1315 2755 dira
1342 2704 1400 2755 et
1426 2697 1486 2753 in
1516 2696 1722 2753 vitiosa
1747 2695 1934 2751 incur-

249 2780 443 2836 rimus.
531 2784 622 2836 29.
668 2778 755 2837 Ut
778 2779 843 2835 P.
869 2777 1143 2835 Claudius
1171 2777 1354 2854 Appii
1382 2776 1531 2834 filius
1559 2776 1792 2851 eiusque
1820 2773 1932 2830 col-

250 2858 378 2934 lega
406 2858 467 2915 L.
493 2857 693 2916 Iunius
726 2858 928 2914 classes
963 2859 1242 2915 maximas
1273 2858 1662 2935 perdiderunt,
1686 2873 1816 2912 cum
1852 2854 1932 2909 vi-

250 2939 335 2994 tio
383 2938 759 3027 navigassent.
846 2937 1014 3005 Quod
1065 2938 1268 2995 eodem
1317 2938 1493 2993 modo
1542 2935 1733 2993 evenit
1779 2934 1933 3009 Aga-

251 3016 579 3073 memnoni:
625 3017 723 3090 qui
751 3034 881 3072 cum
910 3016 1121 3073 Achivi
1150 3017 1470 3093 coepissent

333 3155 345 3166 .
373 3154 385 3166 .
407 3118 534 3164 inter
557 3132 609 3165 se
632 3129 846 3177 strepere
869 3127 1134 3180 aperteque
1156 3127 1316 3166 artem
1340 3119 1560 3166 obterere
1583 3118 1897 3180 extispicum,

293 3182 490 3232 Solvere
514 3182 723 3244 imperat
745 3182 959 3229 seeundo
981 3197 1177 3232 rumore
1198 3183 1502 3245 adversaque
1523 3184 1618 3231 avi.
