2205 3431
207 102 302 150 172
723 98 826 148 DE
857 97 1360 148 DIVINATIONE.

204 202 453 259 maxime
480 201 688 278 vigere,
712 220 844 259 cum
872 201 1185 278 plurimum
1213 199 1363 258 absit
1390 220 1426 257 a
1451 220 1701 278 corpore.
1789 203 1886 260 71.

204 281 406 358 Itaque
435 282 712 358 expositis
739 281 1016 358 exemplis
1043 300 1303 338 verarum
1331 281 1803 338 vaticinationum
1830 291 1889 339 et

205 362 559 418 somniorum
589 361 897 439 Cratippus
926 360 1070 418 solet
1098 362 1380 418 rationem
1411 361 1746 419 concludere
1777 362 1891 420 hoc

204 441 413 499 modo:
460 441 577 498 “Si
611 441 732 498 sine
775 441 953 498 oculis
988 460 1106 499 non
1140 448 1333 518 potest
1374 449 1590 498 exstare
1634 441 1888 499 officium

203 529 262 579 et
294 541 509 578 munus
537 521 849 591 oculorum,
886 529 1129 597 possunt
1162 528 1354 579 autem
1389 521 1696 598 aliquando
1736 523 1891 579 oculi

203 621 319 658 non
347 602 517 677 fungi
546 620 649 658 suo
678 620 928 671 munere,
955 601 1054 677 qui
1075 601 1163 659 vel
1187 601 1360 659 semel
1383 602 1465 659 ita
1486 610 1573 659 est
1596 622 1729 659 usus
1758 622 1894 660 ocu-

201 682 286 752 lis,
313 689 378 739 ut
411 701 542 738 vera
574 688 842 751 cerneret,
873 681 924 737 is
956 680 1132 738 habet
1164 700 1394 739 sensum
1428 681 1722 739 oculorum
1757 702 1894 739 vera

203 762 572 819 cernentium.
650 760 801 818 Item
822 761 1016 838 igitur,
1036 762 1084 818 si
1107 762 1232 819 sine
1253 761 1606 819 divinatione
1627 781 1743 818 non
1762 770 1892 839 pot—

203 849 290 898 est
318 840 569 898 officium
599 847 657 899 et
682 860 895 898 munus
915 841 1287 898 divinationis
1314 848 1551 912 exstare,
1574 849 1767 918 potest
1794 862 1894 899 au-

201 929 322 978 tem
350 921 494 997 quis
519 940 650 979 cum
673 921 1083 979 divinationem
1108 922 1334 992 habeat,
1358 941 1540 979 errare
1561 921 1891 999 aliquandO,

201 1020 307 1058 nec
347 1020 481 1058 vera
516 1021 761 1072 cernere,
793 1002 931 1059 satis
963 1010 1049 1059 est
1081 1002 1158 1059 ad
1191 1002 1640 1059 confirmandam
1674 1002 1896 1059 divina-

201 1081 421 1138 tionem
451 1081 621 1139 semel
653 1081 871 1158 aliquid
899 1101 1019 1140 esse
1047 1082 1131 1139 ita
1158 1083 1495 1154 divinatum,
1516 1089 1583 1140 ut
1609 1082 1755 1139 nihil
1775 1083 1894 1139 for-

202 1161 353 1218 tuito
398 1161 668 1219 cecidisse
712 1162 987 1219 videatur.
1074 1162 1225 1219 Sunt
1262 1170 1455 1220 autem
1504 1163 1627 1220 eius
1666 1163 1896 1239 generis

203 1241 654 1313 innumerabilia,
687 1261 807 1299 esse
835 1242 1014 1319 igitur
1046 1242 1463 1300 divinationem
1496 1240 1892 1300 confitendum

205 1320 348 1378 est.’'

282 1401 574 1458 XXXIII.
654 1401 687 1458 7
694 1408 745 1459 2.
784 1401 942 1469 Quae
971 1420 1105 1458 vcro
1134 1408 1235 1458 aut
1262 1402 1588 1459 coniectura
1609 1401 1894 1479 explican-

203 1487 298 1538 tur
329 1489 430 1538 aut
463 1481 683 1538 eventis
714 1481 1106 1538 animadversa
1138 1489 1197 1538 et
1225 1489 1424 1538 notata
1451 1489 1601 1550 sunt,
1626 1501 1692 1539 ea
1723 1501 1899 1558 gene—

203 1580 267 1617 ra
299 1561 613 1630 divinandi,
645 1567 708 1618 ut
743 1580 915 1637 supra
939 1561 1084 1631 dixi,
1108 1581 1227 1618 non
1261 1561 1557 1632 naturalia,
1587 1562 1687 1619 sed
1721 1562 1897 1618 artifi-

204 1641 359 1698 ciosa
387 1641 687 1698 dicuntur:
732 1641 793 1697 in
822 1661 938 1719 quo
966 1641 1310 1719 haruspiceS,
1334 1660 1579 1718 augures
1610 1643 1899 1699 coniecto-

205 1742 405 1799 resque
440 1729 826 1780 numerantur.
911 1721 1073 1781 Haec
1106 1722 1508 1798 improbantur
1540 1741 1575 1778 a
1602 1722 1899 1799 Peripate·
1968 1773 1974 1777 .

205 1802 350 1872 ucis,
372 1822 405 1859 a
427 1802 637 1859 Stoicis
659 1801 1063 1859 defenduntur.
1136 1802 1392 1870 Quorum
1417 1802 1528 1858 alia
1548 1810 1682 1859 sunt
1703 1804 1900 1879 posita

206 1882 267 1938 in
308 1882 700 1938 monumentis
741 1890 800 1939 et
832 1881 1150 1959 disciplina,
1189 1882 1345 1958 quod
1386 1881 1758 1939 Etruscorum
1800 1883 1900 1940 de-

207 1961 421 2018 clarant
475 1970 533 2019 et
581 1961 933 2037 haruspicini
983 1969 1041 2019 et
1087 1962 1401 2039 fulgurales
1450 1969 1507 2019 et
1555 1963 1900 2020 tonitruales

206 2041 354 2111 libri,
391 2041 565 2098 vestri
614 2042 787 2098 etiam
829 2041 1144 2118 augurales»,
1182 2042 1293 2099 alia
1340 2050 1531 2099 autem
1583 2042 1774 2099 subito
1823 2062 1896 2100 ex

206 2128 468 2198 tempore
509 2122 836 2178 coniectura
877 2121 1248 2198 explicantur,
1280 2128 1345 2179 ut
1382 2122 1537 2197 apud
1570 2121 1894 2179 Homerum

208 2201 464 2272 CalchaS,
490 2203 590 2278 qui
618 2221 687 2259 cx
715 2221 1008 2278 passerum
1038 2221 1277 2259 numero
1300 2201 1434 2258 belli
1456 2201 1691 2259 Troiani
1713 2221 1899 2259 annos

208 2289 518 2358 auguratus
550 2289 637 2339 est
670 2289 729 2338 et
763 2289 826 2338 ut
854 2282 914 2338 in
945 2281 1134 2338 Sullae
1163 2282 1440 2358 scriptum
1472 2281 1715 2339 historia
1740 2282 1901 2339 vide-

208 2381 352 2434 muS,
375 2363 532 2438 quod
559 2368 617 2418 te
646 2362 1002 2438 inspectante
1029 2362 1251 2419 factum
1280 2369 1384 2432 est,
1407 2369 1474 2419 ut
1501 2381 1633 2418 cum
1656 2361 1813 2419 Sulla
1833 2363 1895 2418 in

209 2462 346 2519 agro
370 2441 597 2499 Nolano
616 2440 940 2498 immolaret
958 2448 1090 2499 ante
1109 2442 1475 2518 praetorium,
1497 2441 1569 2499 ab
1586 2441 1785 2498 infima
1801 2462 1902 2499 ara

209 2522 401 2580 subito
435 2522 640 2600 anguis
673 2528 1004 2598 emergeret,
1029 2540 1162 2579 cum
1198 2522 1432 2598 quidem
1460 2521 1524 2579 C.
1558 2522 1900 2579 Postumius

207 2602 490 2681 haruspex
520 2609 706 2660 oraret
734 2602 913 2671 illurn,
938 2610 1005 2659 ut
1036 2602 1097 2658 in
1128 2601 1556 2678 expeditionem
1584 2603 1895 2659 exercitum

210 2683 510 2741 educeret:
552 2683 614 2740 id
648 2702 779 2739 cum
814 2681 972 2738 Sulla
1004 2683 1252 2753 fecisset,
1283 2688 1408 2739 tum
1444 2689 1577 2739 ante
1613 2682 1896 2758 oppidum

211 2762 420 2820 Nolam
470 2762 876 2820 florentissima
919 2762 1268 2819 Samnitium
1317 2769 1501 2819 castra
1544 2763 1711 2839 cepit.
1800 2763 1895 2820 73.

211 2842 383 2899 Facta
431 2843 759 2900 coniectura
803 2842 976 2898 etiam
1021 2842 1082 2898 in
1117 2842 1404 2918 Dionysio
1439 2849 1526 2899 est
1557 2842 1729 2918 paulo
1763 2851 1900 2900 ante

212 2941 383 2998 quam
426 2942 662 2997 regnare
704 2922 929 2998 coepit:
976 2922 1073 2998 qui
1117 2941 1248 2978 cum
1282 2942 1384 2997 per
1425 2941 1627 2998 agrum
1669 2922 1898 2979 Leonti-

212 3020 350 3057 num
394 3001 502 3057 iter
543 3001 760 3057 faciens
801 3020 1011 3077 equum
1046 3002 1171 3077 ipse
1213 3001 1534 3059 demisisset
1567 3002 1628 3058 in
1661 3001 1897 3072 flumen,

213 3079 539 3136 submersus
595 3098 774 3154 equus
823 3080 1190 3155 voraginibus
1238 3100 1356 3137 non
1406 3082 1659 3139 exstitit:
1726 3102 1896 3159 quem

213 3176 344 3214 cum
389 3158 637 3214 maxima
685 3158 1053 3215 contentione
1096 3178 1212 3215 non
1255 3161 1537 3235 potuisset
1585 3162 1898 3234 extrahere,
