2205 3431
216 117 309 162 120
587 107 591 111 *
657 114 755 161 DE
790 113 1089 162 NATURA
1125 112 1444 163 DEORUM.

214 234 400 272 rerum
430 212 706 271 bonarum
739 220 798 271 et
824 214 1102 270 malarum
1133 221 1191 271 et
1217 233 1322 271 nec
1342 215 1624 271 bonarum
1655 235 1758 273 nec
1785 236 1905 273 ma-

214 294 430 350 larqu
504 293 615 350 Cui
643 294 779 350 mali
808 293 952 350 nihil
981 301 1067 350 est
1095 312 1200 350 nec
1230 313 1351 351 esse
1372 302 1579 370 potest,
1605 296 1747 371 quid
1768 295 1903 353 huic

216 393 361 449 opus
395 380 481 430 est
516 373 740 430 delectu
770 373 1051 430 bonorum
1088 380 1147 430 et
1178 374 1497 431 malorum?
1540 376 1681 451 quid
1709 383 1901 433 autem

215 454 473 510 ratione?
517 454 655 529 quid
688 452 1118 529 intellegentia?
1169 454 1377 529 quibus
1421 454 1636 511 utimur
1669 455 1742 511 ad
1776 475 1902 512 eam

215 553 351 603 rem,
389 540 454 590 ut
498 533 709 609 apertis
755 532 994 590 obscura
1038 533 1450 609 adsequamur:
1495 542 1555 590 at
1597 534 1904 592 obscurum

216 613 324 669 deo
355 612 497 668 nihil
526 619 719 688 potest
747 631 883 669 esse.
969 611 1119 668 Nam
1150 613 1386 683 iustitia,
1413 632 1557 689 quae
1587 634 1752 670 suum
1789 617 1905 671 cui-

217 712 326 768 que
372 692 681 762 distribuit,
724 692 865 768 quid
908 692 1160 767 pertinet
1204 692 1278 748 ad
1323 693 1498 750 deos?
1580 694 1904 750 Hominum

216 772 371 829 enim
400 772 640 829 societas
669 778 726 828 et
755 772 1154 841 communitaS,
1177 778 1242 828 ut
1269 791 1372 829 vos
1394 772 1602 843 dicitis,
1623 774 1904 831 iustitiam

216 852 548 928 procreavit.
633 851 1038 927 Temperantia
1069 857 1264 908 autem
1299 859 1525 910 constat
1559 873 1627 910 ex
1661 860 1907 929 praeter-

216 931 516 987 mittendis
550 930 940 1007 voluptatibus
974 932 1246 1007 corporiS,
1273 932 1365 988 cui
1395 932 1442 988 si
1472 931 1630 989 locus
1658 934 1717 988 iu
1748 932 1905 990 caelo

217 1017 319 1079 est,
352 1018 437 1067 est
472 1010 645 1067 etiam
679 1010 1086 1087 voluptatibus
1174 1010 1325 1067 Nam
1361 1012 1532 1068 fortis
1569 1012 1709 1069 deus
1742 1012 1908 1069 intel-

218 1089 332 1166 legi
362 1090 459 1167 qui
490 1097 682 1166 potest
710 1091 769 1146 in
801 1090 996 1146 dolore
1026 1109 1096 1146 an
1128 1090 1189 1146 in
1219 1090 1410 1148 labore
1440 1111 1513 1148 an
1543 1092 1601 1148 in
1633 1091 1903 1168 periculO‚

220 1189 462 1246 quorum
507 1171 679 1227 deum
717 1170 862 1226 nihil
897 1170 1168 1245 attingit?
1254 1176 1345 1227 39.
1393 1171 1515 1227 Nec
1549 1172 1768 1229 ratione
1801 1172 1909 1248 igi-

218 1258 313 1307 tur
344 1258 602 1307 utentem
639 1270 743 1307 nec
782 1251 992 1307 virtut-e
1030 1250 1144 1306 ulla
1177 1250 1502 1327 praeditum
1538 1251 1710 1308 deum
1744 1251 1909 1308 intel-

220 1330 406 1421 legere
450 1331 548 1421 qui
582 1331 923 1421 possumus?
1006 1330 1129 1387 Nec
1163 1349 1298 1387 vero
1333 1330 1490 1406 vulgi
1525 1339 1696 1407 atque
1729 1331 1909 1407 impc-

219 1410 458 1467 ritorum
503 1410 789 1466 inscitiam
832 1409 1122 1485 despicere
1161 1429 1414 1486 possum,
1446 1430 1577 1467 cum
1621 1430 1688 1467 ea
1728 1411 1910 1467 consi-

220 1490 374 1559 dere,
408 1510 550 1567 quae
585 1491 853 1546 dicuntur
887 1509 920 1545 a
953 1489 1197 1547 Stoicis:
1244 1497 1378 1547 sunt
1412 1490 1565 1547 enim
1601 1490 1745 1547 illa
1731 1510 1911 1566 impe—

220 1570 495 1627 ritorum:
540 1570 755 1646 piscem
799 1569 932 1627 Suri
973 1577 1328 1639 venerantur,
1362 1589 1532 1626 omne
1565 1571 1685 1627 fere
1727 1589 1909 1645 genus

221 1648 528 1706 bestiarum
586 1650 867 1727 Aegyptii
917 1657 1404 1707 consecraverunt.
1491 1650 1611 1706 Iam
1663 1669 1797 1706 vero
1847 1651 1907 1706 in

221 1730 458 1788 Graecia
491 1731 704 1788 multos
733 1730 947 1787 habent
981 1749 1050 1787 ex
1079 1730 1413 1787 hominibus
1447 1731 1618 1788 deos:
1662 1730 1911 1787 Alaban-

222 1810 360 1866 dum
407 1811 710 1880 Alabandi,
741 1810 980 1867 Tenedii
1019 1810 1296 1879 Tennem,
1329 1810 1731 1880 Leucotheam,
1765 1830 1909 1886 quae

221 1891 336 1946 fuit
371 1890 494 1960 In0,
519 1898 577 1947 et
611 1890 732 1946 eius
762 1890 1167 1947 Palaemonem
1198 1889 1377 1946 filium
1414 1898 1620 1947 cuncta
1652 1889 1906 1961 Graecia,

222 1969 547 2039 Herculem,
574 1969 999 2046 Aesculapium,
1026 1970 1419 2046 Tyndaridas:
1463 1969 1775 2027 Romulum
1810 1989 1911 2026 no-

223 2051 324 2107 stri
357 2050 610 2127 aliosque
653 2050 990 2126 complureS,
1025 2069 1170 2126 quos
1206 2050 1364 2126 quasi
1400 2069 1580 2107 novos
1613 2056 1674 2106 et
1703 2049 1912 2125 ascrip-

222 2131 390 2187 ticios
423 2130 574 2188 cives
605 2130 666 2186 in
701 2130 921 2187 caelum
957 2137 1217 2206 receptos
1250 2136 1473 2206 putant.
1558 2129 1725 2187 XVI.
1811 2135 1907 2187 40.

226 2211 384 2267 Haec
413 2211 589 2287 igitur
617 2210 852 2267 indocti.
940 2210 1094 2278 Quid
1126 2230 1227 2267 vos
1256 2209 1624 2286 philosophi?
1668 2209 1767 2286 qui
1794 2228 1912 2266 me-

222 2291 400 2348 liora?
482 2290 706 2349 Omitto
741 2290 869 2347 illa:
915 2298 1048 2347 sunt
1084 2290 1237 2346 enim
1273 2289 1572 2365 praeclara.
1658 2289 1747 2346 Sit
1776 2308 1911 2346 sane

223 2371 363 2428 deus
393 2371 512 2447 ipse
541 2371 806 2428 mundus·
891 2369 1023 2427 Hoc
1056 2369 1225 2426 credo
1255 2369 1399 2426 illud
1427 2389 1547 2426 esse

393 2491 635 2542 sublimen
658 2491 888 2552 candenS,
912 2505 1058 2554 quem
1085 2490 1317 2538 invocant
1341 2504 1513 2538 omnes
1535 2489 1726 2538 Iovem.

225 2609 352 2680 Qua
387 2630 447 2668 re
490 2610 668 2687 igitur
699 2609 890 2687 plures
931 2608 1299 2685 adiungimus
1343 2607 1518 2664 deos?
1562 2614 1775 2683 quanta
1816 2626 1912 2663 au-

225 2699 343 2748 tem
373 2698 459 2748 cst
487 2711 683 2749 eorum
715 2690 1059 2747 multitudo!
1145 2688 1289 2744 Mihi
1322 2687 1556 2764 quidem
1587 2705 1720 2743 sane
1742 2687 1912 2743 multi

225 2772 506 2828 videntur.
577 2770 842 2862 Singulas
864 2770 1015 2826 enim
1042 2768 1231 2825 stellas
1253 2786 1517 2825 numeras
1539 2766 1678 2823 deos
1702 2785 1912 2842 eosque

227 2859 327 2908 aut
342 2852 635 2908 beluarum
658 2851 888 2907 nomine
908 2849 1175 2925 appellaS,
1199 2856 1265 2905 ut
1287 2847 1550 2924 Capram,
1576 2854 1642 2903 ut
1664 2845 1910 2922 Nepam,

227 2938 293 2988 ut
337 2931 605 2997 Taurum,
638 2938 702 2986 ut
740 2930 1006 2998 Leonem,
1039 2934 1138 2984 aut
1184 2947 1369 2984 rerum
1417 2927 1814 2995 inanimarum,
1846 2933 1914 2983 ut

230 3011 407 3085 ArgO,
433 3016 497 3065 ut
526 3010 721 3078 Aram,
754 3016 818 3065 ut
847 3008 1150 3063 Coronam.
1238 3012 1329 3063 41.
1377 3007 1490 3063 Sed
1521 3014 1585 3063 ut
1613 3006 1751 3063 haec
1781 3025 1916 3062 con-

231 3089 519 3153 cedantur,
546 3087 760 3163 reliqua
788 3088 885 3162 qui
915 3087 1148 3143 tandem
1177 3105 1292 3141 non
1321 3087 1496 3142 modo
1532 3086 1786 3156 concedi,
1812 3085 1916 3142 sed

233 3167 469 3224 omnino
499 3165 750 3241 intellegi
779 3167 1055 3241 possunt?
1120 3165 1268 3222 Cum
1298 3166 1493 3242 fruges
1522 3165 1804 3237 Cererem,
1836 3166 1917 3223 vi-
