2205 3431
498 93 636 141 LIB.
669 93 756 153 11.,
785 90 941 142 CAP.
975 92 1578 153 XXXV11.-XXX1X.‚
1608 91 1635 152 ἓ
1671 95 1848 143 93-98.
1972 96 2034 143 81

352 214 415 254 ra
440 194 677 251 deorum
709 214 829 251 esse
857 194 1319 251 arbitrarentur.”
1397 193 1747 252 XXXVIII.
1814 200 1906 252 96.
1931 195 2037 252 At-

353 294 464 352 que
498 274 636 331 haec
679 274 911 351 quidem
946 274 1056 332 ille.
1143 274 1266 330 Nos
1300 281 1492 331 autem
1525 273 1790 331 tenebras
1824 276 2036 352 cogite-

350 374 480 411 mus
501 362 706 425 tantaS,
727 361 972 431 quantae
1001 354 1292 431 quondam
1323 354 1623 430 eruptione
1645 353 2031 412 Aetnaeorum

351 435 574 511 ignium
608 434 881 491 finitimas
922 435 1184 510 regiones
1227 433 1612 491 obscuravisse
1653 434 1940 507 dicuntur,
1969 444 2036 492 ut

350 535 453 592 per
485 514 725 572 biduum
760 534 938 571 nemo
973 515 1270 571 hominem
1304 514 1480 571 homo
1523 523 1873 591 agnosceret,
1904 535 2035 573 cum

350 602 543 652 autem
577 595 750 652 tertio
783 594 877 651 die
919 594 1002 651 sol
1039 594 1334 666 illuxisset,
1363 602 1489 651 tum
1517 604 1584 651 ut
1616 595 1884 652 revixisse
1926 595 2035 652 sibi

350 674 692 732 viderentur.
778 673 951 742 Quod
984 675 1031 730 si
1066 674 1175 731 hoc
1209 674 1363 732 idem
1399 695 1468 732 ex
1511 674 1754 732 aeternis
1786 674 2036 732 tenebris

351 754 726 831 contingeret,
757 762 825 811 ut
866 754 1056 811 subito
1098 754 1284 811 lucem
1328 756 1723 832 aspiceremuS‚
1756 751 2030 832 quaenam

351 835 568 912 species
596 834 736 891 caeli
758 834 1080 892 videretur?
1148 834 1264 892 Sed
1286 834 1631 892 adsiduitate
1661 834 1950 892 cotidiana
1978 843 2036 892 et

350 914 763 972 consuetudine
802 914 1097 972 oculorum
1138 915 1480 973 adsuescunt
1513 916 1690 972 animi
1723 935 1907 992 neque
1941 915 2036 971 ad-

349 995 631 1051 mirantur
657 1013 840 1071 neque
868 995 1169 1072 requirunt
1188 996 1438 1052 rationes
1459 1015 1651 1052 earum
1673 1015 1879 1067 rerum,
1896 1015 2035 1072 quas

351 1094 573 1151 semper
594 1074 805 1145 vident,
822 1075 1065 1151 proinde
1088 1076 1249 1152 quasi
1272 1076 1496 1132 novitas
1523 1095 1629 1131 nos
1656 1076 1840 1151 magis
1862 1095 2032 1153 quam

349 1154 691 1231 magnitudo
719 1173 905 1211 rerum
938 1155 1144 1212 debeat
1165 1155 1239 1212 ad
1265 1155 1641 1232 exquirendas
1668 1175 1862 1212 causas
1891 1156 2034 1213 exci-

351 1242 486 1292 tare.
558 1236 649 1292 97.
683 1233 825 1303 Quis
854 1236 1008 1291 enim
1037 1235 1190 1292 hune
1212 1235 1506 1292 hominem
1536 1235 1761 1307 dixerit,
1782 1237 1878 1313 qui
1902 1256 2030 1292 cum

350 1321 470 1371 tam
505 1322 691 1372 certos
732 1315 872 1371 caeli
908 1322 1118 1386 motUS,
1149 1323 1268 1372 tam
1303 1322 1457 1372 ratos
1490 1322 1768 1372 astrorum
1806 1316 2033 1372 ordines

351 1402 584 1471 tamque
615 1395 764 1452 inter
797 1414 856 1451 se
892 1396 1087 1451 omnia
1120 1414 1336 1452 conexa
1368 1403 1426 1452 et
1453 1403 1589 1472 apta
1616 1396 1837 1465 viderit,
1863 1403 2034 1471 neget

352 1475 413 1531 in
448 1474 537 1532 his
578 1474 753 1532 ullam
788 1475 970 1532 inesse
1005 1476 1285 1532 rationem
1327 1495 1507 1551 eaque
1541 1495 1672 1532 casu
1706 1475 1827 1532 fieri
1861 1476 2029 1545 dicat,

353 1574 496 1632 quae
527 1563 743 1632 quanto
773 1554 1013 1612 consilio
1041 1562 1312 1632 gerantur
1338 1555 1497 1611 nullo
1531 1555 1770 1612 consilio
1799 1555 2032 1633 adsequi

350 1637 692 1711 possumus?
774 1635 871 1692 An
907 1655 1035 1692 cum
1078 1635 1502 1692 machinatione
1538 1635 1780 1712 quadam
1815 1636 2033 1692 moveri

352 1714 569 1792 aliquid
604 1717 881 1788 videmuS‚
911 1724 978 1773 ut
1020 1715 1335 1794 sphaeram,
1367 1723 1432 1773 ut
1467 1715 1649 1787 horaS,
1673 1725 1740 1773 ut
1772 1715 1881 1773 alia
1911 1736 2034 1793 per-

350 1795 551 1867 multa,
581 1816 698 1853 non
732 1795 1064 1854 dubitamus
1099 1797 1238 1874 quin
1273 1796 1371 1854 illa
1404 1816 1576 1873 opera
1610 1797 1723 1854 sint
1756 1797 2030 1854 rationis:

352 1896 482 1933 cum
518 1882 708 1934 autem
744 1877 1029 1954 impetum
1063 1877 1204 1934 caeli
1232 1877 1553 1934 admirabili
1582 1897 1713 1934 cum
1748 1876 2033 1934 celeritate

351 1957 568 2014 moveri
583 1957 838 2034 vertique
852 1957 1146 2015 videamus
1163 1958 1621 2015 constantissime
1639 1956 2034 2014 conficientem

352 2036 772 2095 vicissitudines
794 2037 1202 2095 anniversarias
1225 2056 1354 2094 eum
1379 2057 1603 2095 summa
1624 2037 1802 2095 salute
1825 2045 1881 2094 et
1904 2056 2035 2094 con·

353 2117 670 2175 servatione
691 2137 879 2175 rerum
910 2118 1187 2189 omnium,
1206 2117 1538 2175 dubitamus
1560 2118 1694 2195 quin
1719 2137 1784 2175 ea
1803 2137 1920 2174 non
1950 2137 2035 2172 so-

351 2195 471 2253 lum
507 2198 727 2255 ratione
761 2198 918 2269 fiant,
942 2198 1042 2254 sed
1076 2199 1249 2254 etiam
1285 2197 1581 2255 excellenti
1615 2198 1920 2274 divinaque
1953 2216 2035 2253 ra-

351 2277 550 2335 tione?
617 2283 709 2335 98.
742 2277 902 2335 Licet
931 2278 1082 2335 enim
1108 2278 1223 2334 iam
1252 2285 1473 2334 remota
1501 2276 1816 2334 subtilitate
1845 2278 2036 2353 dispu-

352 2357 516 2414 tandi
545 2357 724 2415 oeulis
758 2358 1006 2435 quodam
1044 2358 1220 2414 modo
1255 2357 1628 2434 contemplari
1663 2357 2036 2434 pulchritudi-

353 2457 485 2494 nem
521 2456 708 2495 rerum
750 2457 963 2508 earum,
996 2458 1137 2515 quas
1171 2437 1366 2495 divina
1398 2438 1759 2515 providentia
1791 2437 2034 2494 dicimus

353 2517 710 2574 constitutas,

435 2597 724 2676 XXXIX.
756 2597 846 2654 Ae
875 2597 1160 2674 principio
1190 2604 1340 2655 terra
1365 2596 1502 2654 univ
1507 2616 1628 2654 ersa
1654 2604 1931 2666 cernatur,
1956 2596 2035 2653 lo-

351 2685 482 2735 cata
514 2669 573 2734 in
603 2677 793 2735 media
820 2678 952 2737 sede
982 2677 1202 2747 mundi,
1229 2677 1411 2734 solida
1438 2684 1496 2734 et
1523 2675 1761 2752 globosa
1788 2685 1845 2734 et
1871 2642 2035 2734 uiidi-

354 2777 466 2834 que
496 2758 618 2834 ipsa
638 2758 697 2814 in
729 2777 848 2815 sese
876 2758 1113 2814 nutibus
1142 2758 1258 2814 suis
1286 2757 1643 2833 conglobata,
1661 2757 1866 2814 vestita
1885 2757 2035 2814 fiori-

352 2837 476 2907 bus,
502 2837 707 2908 herbiS,
733 2837 1046 2909 arboribuS,
1070 2837 1351 2912 frucribus,
1385 2856 1625 2913 quorum
1659 2837 1916 2894 omnium
1953 2837 2036 2893 in-

353 2882 640 2975 credibilis
669 2883 982 2974 multitudo
1013 2916 1319 2975 insatiabili
1344 2917 1613 2974 varietate
1642 2916 2030 2993 distinguitur.

352 2997 526 3055 Adde
554 2997 665 3054 huc
688 2997 941 3054 fontium
956 2998 1188 3090 ‘gelidas
1217 2997 1618 3074 perennitateS,
1638 2996 1885 3072 liquores
1912 3016 2036 3073 per-

352 3077 575 3135 lucidos
619 3078 894 3149 amnium,
924 3079 1177 3155 riparum
1220 3079 1460 3135 vestitus
1492 3077 1881 3145 viridissimoS,
1915 3095 2037 3150 spe-

352 3157 645 3217 luncarum
681 3179 956 3216 concavas
997 3159 1345 3229 altitudineS,
1379 3178 1641 3216 saxorum
1684 3156 2031 3232 asperitateS,
