2205 3431
274 130 337 180 74
711 129 810 177 DE
843 129 1143 177 NATURA
1176 128 1494 178 DEORUM.

273 229 548 288 inducens
571 229 819 307 quodam
843 236 1013 307 pacto
1037 235 1227 306 negat,
1249 236 1363 299 aut,
1386 230 1485 306 qui
1507 229 1646 287 deos
1673 248 1793 287 esse
1821 250 1953 288 con·

273 309 494 381 cedant,
514 309 584 367 iis
605 309 907 366 fatendum
936 316 1022 366 est
1050 328 1148 365 eos
1175 308 1392 386 aliquid
1414 328 1578 385 agere
1601 309 1773 386 idque
1796 330 1953 386 prae-

272 389 504 446 clarum.
588 389 747 447 Nihil
784 390 876 446 'est
916 396 1109 446 autem
1152 389 1490 465 praeclarius
1531 389 1734 446 mundi
1775 390 1954 446 admi-

272 469 646 537 nistratione:
705 469 941 526 deorum
990 469 1169 544 igitur
1217 468 1454 525 consilio
1502 469 1947 527 administratur.

273 549 444 617 Quod
477 549 525 606 si
559 549 722 606 aliter
758 555 858 619 est,
891 546 1403 625 aliquid'profecto
1444 567 1671 605 necesse
1712 556 1799 606 est
1832 569 1952 606 esse

270 629 474 686 melius
517 635 576 685 et
606 629 822 685 maiore
855 628 912 684 vi
945 628 1268 704 praeditum
1305 647 1477 704 quam
1511 628 1665 698 deOS‚
1692 628 1855 705 quale
1889 630 1952 686 id

272 727 517 785 cumque
558 714 660 779 est,
693 709 810 765 sive
851 708 1106 764 inanima
1145 714 1350 764 natura
1389 708 1508 765 sive
1548 709 1854 765 necessitas
1893 710 1950 765 vi

270 807 482 864 magna
501 788 754 858 incitata,
772 787 910 844 haec
932 787 1314 864 pulcherrima
1335 806 1508 864 opera
1528 787 1790 858 efficienS‚
1807 807 1951 863 quae

271 868 546 925 videmus,
619 866 710 925 77.
743 868 877 924 Non
907 873 993 923 est
1014 868 1194 943 igitur
1220 873 1423 924 natura
1450 867 1686 925 deorum
1716 887 1952 944 praepo-

271 954 398 1004 tens
427 966 611 1024 neque
640 946 931 1018 excellenS,
954 947 1001 1003 si
1031 946 1261 1023 quidem
1293 966 1360 1003 ea
1387 946 1642 1004 subiecta
1668 956 1755 1004 est
1782 948 1833 1004 ei
1863 949 1950 1005 vel

271 1027 595 1084 necessitati
628 1027 716 1083 vel
752 1033 1001 1097 naturae,
1027 1046 1141 1103 qua
1172 1025 1408 1096 caelum,
1437 1027 1632 1097 maria,
1656 1034 1838 1084 terrae
1871 1047 1952 1085 re-

270 1112 493 1181 gantur.
578 1106 740 1163 Nihil
775 1114 861 1163 est
893 1114 1085 1164 autem
1120 1107 1501 1183 praestantius
1542 1107 1667 1163 deo,
1751 1107 1847 1165 Ab
1882 1127 1951 1164 eo

271 1186 451 1262 igitur
490 1187 773 1243 mundum
816 1205 1042 1244 necesse
1087 1193 1174 1243 est
1215 1187 1352 1263 regi.
1444 1186 1604 1244 Nulli
1646 1187 1826 1262 igitur
1865 1195 1952 1244 est

270 1272 505 1323 naturae
534 1265 844 1323 oboediens
873 1274 972 1324 aut
994 1266 1281 1323 subiectus
1309 1266 1468 1324 deus,
1537 1265 1785 1324 Omnem
1814 1286 1950 1342 ergo

269 1346 418 1421 regit
452 1346 574 1422 ipse
615 1353 893 1403 naturam.
977 1346 1210 1403 Etenim
1253 1346 1300 1402 si
1335 1345 1703 1403 concedimus
1736 1346 1953 1403 intelle-

268 1431 470 1501 gentes
511 1445 633 1483 esse
675 1426 829 1497 deoS‚
862 1426 1230 1484 concedimus
1270 1427 1444 1484 etiam
1485 1425 1853 1503 providentes
1894 1433 1952 1484 et

269 1524 458 1562 rerum
503 1506 733 1582 quidem
776 1507 1171 1563 maximarum.
1255 1505 1411 1582 Ergo
1451 1513 1647 1562 utrum
1684 1506 1952 1581 ignorant

271 1604 414 1662 quae
448 1605 536 1642 res
564 1586 846 1643 maximae
880 1587 996 1643 sint
1026 1605 1253 1662 quoque
1288 1604 1384 1641 eae
1417 1585 1595 1642 modo
1623 1585 1951 1642 tractandae

269 1673 329 1723 et
360 1666 605 1724 tuendae
639 1686 712 1723 an
747 1666 862 1723 vim
896 1685 1013 1722 non
1048 1665 1263 1723 habent
1298 1684 1411 1742 qua
1437 1672 1627 1723 tantas
1666 1684 1755 1723 res
1789 1666 1954 1723 susti-

268 1754 442 1804 neant
475 1754 533 1803 et
565 1748 802 1822 gerant?
885 1746 967 1802 At
1001 1752 1058 1803 et
1091 1747 1378 1822 ignoratio
1420 1766 1608 1803 rerum
1643 1745 1826 1803 aliena
1857 1766 1954 1803 na-

268 1833 429 1883 turae
464 1826 700 1883 deorum
735 1833 821 1882 est
854 1833 913 1882 et
947 1825 1266 1882 sustinendi
1300 1826 1552 1883 muneris
1585 1835 1822 1902 propter
1849 1826 1953 1882 im-

268 1905 636 1963 becillitatem
679 1905 981 1962 difficultas
1022 1906 1262 1962 minime
1304 1906 1458 1963 cadit
1491 1906 1551 1962 in
1593 1907 1951 1963 maiestatem

268 1986 522 2043 deorum.
590 1985 678 2041 Ex
709 2004 822 2061 quo
851 1984 1092 2042 efficitur
1119 1985 1196 2056 id,
1223 1986 1380 2062 quod
1405 1985 1686 2058 volumus,
1710 1986 1951 2042 deorum

267 2066 630 2142 providentia
657 2065 938 2122 mundum
967 2065 1371 2122 administrari.
1438 2065 1668 2123 XXXI.
1731 2064 1821 2123 78.
1848 2067 1954 2121 At-

270 2145 368 2221 qui
396 2164 621 2202 necesse
651 2152 752 2216 est,
778 2165 908 2202 cum
939 2146 1054 2202 sint
1082 2145 1159 2215 di,
1185 2146 1233 2202 si
1261 2145 1438 2202 modo
1468 2153 1616 2216 sunt,
1638 2152 1703 2202 ut
1731 2145 1954 2221 profec-

267 2233 330 2281 to
381 2234 530 2296 sunt,
568 2226 886 2282 animantes
934 2244 1054 2282 esse
1096 2245 1201 2282 nec
1245 2226 1430 2282 solum
1479 2226 1813 2295 animantem,
1852 2225 1953 2281 sed

268 2305 441 2362 etiam
477 2305 713 2362 rationis
741 2312 1039 2382 compotes
1067 2306 1221 2362 inter
1248 2324 1419 2382 seque
1450 2305 1610 2381 quasi
1639 2305 1791 2361 civili
1822 2324 1954 2361 con-

268 2385 557 2442 ciliatione
590 2392 649 2442 et
678 2384 948 2442 societate
982 2386 1337 2456 coniunctOS‚
1361 2405 1542 2442 unum
1574 2385 1854 2441 mundum
1887 2392 1953 2441 ut

267 2484 632 2522 communem
667 2484 786 2522 rem
820 2465 1111 2542 publicam
1145 2473 1318 2542 atque
1353 2465 1552 2522 urbem
1588 2465 1837 2541 aliquam
1873 2484 1955 2521 re-

267 2553 482 2620 gentes·
573 2544 662 2603 79.
701 2544 973 2622 Sequitur
1012 2552 1078 2602 ut
1112 2545 1312 2602 eadem
1351 2546 1425 2602 sit
1460 2546 1519 2601 in
1554 2545 1642 2615 iis,
1675 2563 1819 2620 quae
1852 2543 1956 2600 hu-

267 2644 439 2681 mano
481 2625 543 2681 in
584 2644 807 2701 genere,
844 2626 1007 2697 ratio,
1039 2625 1239 2682 eadem
1281 2626 1490 2686 veritas
1531 2623 1835 2701 utrobique
1878 2624 1956 2680 sit

268 2705 580 2781 eademque
610 2705 716 2776 lex,
742 2724 885 2782 quae
916 2711 1003 2762 est
1029 2706 1172 2762 recti
1201 2705 1527 2782 praeceptio
1556 2704 1831 2781 pravique
1861 2703 1954 2760 de-

267 2784 471 2860 pulsio,
557 2784 644 2841 Ex
688 2804 802 2862 quo
837 2785 1189 2861 intellegitur
1221 2785 1587 2861 prudentiam
1623 2803 1852 2861 quoque
1896 2791 1955 2840 et

267 2871 519 2919 mentem
549 2883 583 2920 a
603 2865 692 2920 dis
714 2865 787 2921 ad
809 2864 1071 2921 homines
1093 2865 1432 2940 pervenisse,
1455 2863 1530 2921 ob
1560 2883 1799 2941 eamque
1828 2882 1955 2919 cau-

269 2962 388 2998 sam
417 2943 699 3000 maiorum
728 2944 1009 3001 institutis
1040 2962 1220 3014 mem,
1247 2943 1403 3013 fides,
1428 2945 1626 3015 virtus,
1649 2943 1955 3000 concordia

268 3031 627 3080 consecratae
657 3031 714 3081 et
735 3024 959 3099 publice
983 3023 1276 3081 dedicatae
1300 3031 1448 3081 sunt.
1520 3023 1678 3091 Quae
1703 3026 1800 3100 qui
1824 3042 1955 3080 con-

271 3103 425 3158 venit
453 3121 628 3178 penes
657 3103 795 3160 deos
823 3123 943 3160 esse
971 3123 1196 3179 negare,
1221 3124 1352 3161 cum
1388 3123 1585 3160 eorum
1621 3110 1864 3181 augusta
1897 3111 1954 3160 et

269 3189 464 3239 sancta
505 3182 804 3239 simulacra
835 3185 1206 3242 veneremur?
1288 3183 1459 3251 Quod
1495 3184 1541 3239 si
1577 3184 1727 3241 inest
1761 3185 1819 3240 in
1854 3183 1955 3240 ho·
