2205 3431
262 113 359 161 218
783 111 883 159 DE
916 109 1416 160 DIVINATIONE.

261 218 387 268 tum
430 217 532 283 est,
565 211 721 288 quod
754 212 949 286 potuit
987 211 1127 282 fieri,
1157 218 1490 288 portentum
1532 212 1706 270 debet
1743 213 1941 274 videri.

261 290 435 347 Nulla
470 291 650 367 igitur
681 299 950 367 portenta
990 299 1140 349 sunt.
1226 292 1378 348 Nam
1412 293 1477 363 si,
1510 292 1665 369 quod
1698 312 1824 351 raro
1857 294 1941 366 fit,

260 371 322 427 id
355 379 687 447 portentum
723 371 1043 447 putandum
1080 378 1183 442 est,
1214 372 1531 448 sapientem
1565 392 1685 430 esse
1717 381 1946 451 porten-

259 458 383 507 tum
435 458 535 507 est.
622 450 861 527 Saepius
906 452 1059 508 enim
1104 451 1318 508 mulam
1371 452 1657 528 peperisse
1700 453 1947 511 arbitror

261 549 431 607 quam
476 531 791 607 sapientem
833 530 1026 588 fuisse.
1113 530 1219 588 Illa
1252 532 1429 607 igitur
1469 532 1616 589 ratio
1658 533 1946 591 concludi-

257 618 353 667 tur
386 629 489 667 nec
524 610 600 681 id,
628 610 782 687 quod
817 629 933 666 non
962 611 1217 685 potuerit
1250 610 1389 682 fieri,
1414 612 1632 670 factum
1667 633 1941 690 umquam

257 709 397 761 esse,
427 709 547 760 nec,
574 689 726 766 quod
761 690 1030 766 potuerit,
1054 690 1117 746 id
1144 697 1478 768 portentum
1513 710 1665 750 esse:
1708 693 1791 749 ita
1823 714 1946 751 om-

257 770 396 826 nino
431 769 648 826 nullum
685 788 806 826 esse
834 776 1185 845 portentum.
1272 776 1365 828 62.
1412 771 1581 840 Quod
1610 773 1779 830 etiam
1811 793 1946 830 con-

256 849 438 906 iector
479 849 713 925 quidam
749 857 808 906 et
841 850 1122 925 interpres
1154 857 1554 927 portentorum
1587 871 1704 910 non
1738 853 1944 911 inscite

256 929 615 1005 respondisse
649 929 861 986 dicitur
893 929 962 1000 ei,
996 930 1095 1006 qui
1132 924 1459 1008 [quiddam]
1495 932 1568 988 ad
1604 951 1734 989 eum
1767 940 1946 990 rettu-

256 1007 416 1065 lisset
449 1008 609 1084 quasi
644 1016 953 1074 ostentum,
980 1010 1137 1086 quod
1164 1011 1368 1087 anguis
1402 1011 1562 1068 domi
1590 1020 1810 1068 vectem
1840 1014 1945 1069 cir·

256 1088 571 1145 cumiectus
603 1087 840 1146 fuisset:
886 1089 1087 1146 “Tum
1121 1090 1318 1148 esset''
1349 1090 1541 1167 inquit
1575 1091 1609 1118 ‘⁴
1630 1090 1940 1162 ostentum,

256 1168 305 1224 si
346 1187 589 1244 anguem
648 1169 826 1226 vectis
873 1168 1466 1246 circumplicavisset.’'
1551 1171 1683 1229 Hoc
1724 1171 1819 1228 ille
1860 1192 1945 1229 re·

256 1267 468 1324 sponso
512 1248 647 1306 satis
688 1256 881 1325 aperte
924 1248 1230 1307 declaravit
1269 1249 1414 1307 nihil
1447 1250 1776 1308 habendum
1819 1271 1943 1309 esse

255 1334 606 1404 portentum,
633 1328 789 1404 quod
816 1327 937 1385 fieri
966 1336 1177 1404 posset.

337 1407 585 1466 XXIX.·
612 1408 674 1465 C.
712 1407 1002 1465 Gracchus
1046 1409 1122 1465 ad
1164 1409 1239 1466 M.
1277 1408 1670 1487 Pomponium
1713 1410 1943 1486 scripsit

256 1487 482 1544 duobus
530 1487 812 1564 anguibus
857 1488 1015 1544 domi
1060 1489 1488 1565 comprehensis
1531 1490 1860 1566 haruspices
1908 1511 1944 1548 a

255 1576 416 1644 patre
451 1574 808 1625 convocatos,
893 1566 1005 1635 Qui
1033 1569 1221 1644 magis
1253 1569 1537 1645 anguibus
1571 1589 1743 1646 quam
1773 1570 1943 1628 lacer-

255 1649 348 1720 tis,
379 1667 549 1726 quam
593 1647 890 1705 muribus?
972 1647 1120 1717 Quia
1162 1655 1295 1705 sunt
1329 1648 1467 1707 haec
1509 1650 1813 1722 cotidiana,
1845 1670 1944 1707 an-

255 1748 395 1805 gues
433 1749 547 1786 non
584 1729 739 1786 item.
825 1727 1001 1796 Quasi
1035 1749 1169 1785 vero
1210 1731 1436 1801 referat,
1469 1731 1626 1807 quod
1658 1730 1780 1787 fieri
1813 1739 1942 1808 pot-

255 1816 358 1879 est,
384 1828 553 1885 quam
588 1808 649 1865 id
682 1828 848 1884 saepe
881 1808 996 1865 fiat.
1080 1809 1209 1885 Ego
1242 1819 1435 1867 tamen
1468 1810 1660 1876 miror,
1693 1811 1741 1866 si
1774 1812 1942 1867 emis-

256 1889 342 1945 sio
383 1889 633 1944 feminae
676 1889 878 1964 anguis
918 1896 1165 1946 mortem
1207 1889 1503 1947 adferebat
1540 1890 1628 1947 Ti.
1659 1889 1938 1961 GracchO,

255 1968 484 2025 emissio
513 1974 703 2024 autem
727 1968 900 2024 maris
928 1970 1134 2045 anguis
1161 1976 1282 2026 erat
1301 1970 1599 2027 mortifera
1620 1969 1938 2041 Corneliae,

255 2067 355 2105 eur
391 2047 625 2105 alteram
659 2055 846 2104 utram
889 2049 1157 2106 emiserit.
1244 2048 1404 2105 Nihil
1439 2050 1593 2106 enim
1628 2049 1826 2107 scribit
1857 2070 1942 2107 re-

255 2128 553 2204 spondisse
586 2127 927 2202 haruspieeS,
953 2128 1000 2185 si
1030 2136 1231 2185 neuter
1263 2130 1466 2205 anguis
1498 2130 1738 2186 emissus
1771 2137 1938 2201 esset,

255 2208 395 2285 quid
436 2215 583 2266 esset
624 2208 900 2265 futurum.
986 2208 1071 2265 At
1110 2227 1267 2264 mors
1307 2209 1564 2266 insecuta
1615 2209 1941 2267 Gracchum

253 2296 355 2346 est.
441 2288 626 2345 Causa
674 2287 923 2365 quidem,
955 2288 1143 2359 cred0,
1174 2288 1365 2365 aliqua
1411 2288 1599 2346 morbi
1642 2289 1939 2365 gravioriS,

253 2388 370 2424 non
405 2369 708 2425 emissione
743 2368 1054 2444 serpentis:
1097 2387 1283 2444 neque
1311 2369 1464 2425 enim
1493 2375 1656 2426 tanta
1683 2376 1768 2425 est
1795 2369 1944 2427 infe-

253 2449 437 2505 licitas
468 2447 852 2524 haruspicum,
884 2455 949 2504 ut
984 2467 1053 2505 ne
1087 2467 1220 2505 casu
1265 2448 1497 2525 quidem
1529 2467 1803 2525 umquam
1838 2448 1944 2507 fiat

254 2529 413 2605 quod
440 2529 701 2585 futurum
735 2527 817 2583 illi
852 2547 971 2584 esse
1006 2528 1271 2585 dixerint.
1362 2528 1560 2585 XXX.
1648 2534 1739 2585 63.
1785 2527 1938 2586 Nam

252 2608 395 2665 illud
422 2609 672 2679 mirarer,
694 2608 742 2664 si
771 2607 1075 2679 crederem,
1098 2608 1256 2684 quod
1284 2608 1439 2684 apud
1460 2608 1782 2665 Homerum
1811 2608 1944 2665 Cal-

253 2688 517 2746 chantem
561 2687 758 2745 dixisti
800 2707 868 2744 ex
910 2707 1202 2763 passerum
1246 2707 1485 2745 numero
1526 2687 1663 2745 belli
1702 2687 1944 2746 Troiani

253 2787 433 2824 annos
461 2774 800 2844 auguratum
823 2786 835 2824 :
880 2767 951 2824 de
981 2767 1143 2824 cuius
1171 2767 1498 2825 coniectura
1526 2767 1606 2824 sic
1634 2767 1787 2844 apud
1817 2767 1945 2826 Ho-

253 2866 492 2917 merum,
517 2855 583 2903 ut
604 2866 709 2903 nos
738 2846 910 2904 otiosi
932 2846 1334 2919 convertimuS,
1354 2848 1611 2925 loquitur
1629 2848 1945 2924 Agamem-

253 2943 405 2981 non:

450 3037 614 3095 Ferte,
630 3037 738 3096 viri,
758 3045 807 3085 et
829 3038 978 3087 duros
1001 3040 1168 3088 animo
1191 3041 1397 3090 tolerate
1417 3041 1627 3102 labores,

451 3101 672 3159 Auguris
695 3110 749 3149 ut
771 3104 925 3150 nostri
948 3104 1236 3153 Calchantis
1259 3106 1364 3154 fata
1387 3121 1628 3168 queamus

452 3164 604 3224 Scire,
625 3172 823 3213 ratosne
846 3166 1057 3215 habeant
1079 3184 1146 3216 an
1167 3184 1320 3219 vanos
1342 3173 1556 3233 pectoris
1575 3187 1732 3222 orsus.
