2205 3431
215 114 278 158 :36
663 109 760 157 DE
792 110 1093 158 NATURA
1127 109 1450 158 DEORUM.

216 211 311 266 An
359 211 420 266 in
469 210 784 267 individuis
832 210 1184 287 corpusculis
1228 217 1349 267 tam
1394 211 1680 286 praeclara
1728 230 1903 287 opera

217 290 371 346 nulla
413 290 747 347 moderante
792 298 1009 361 natura,
1047 289 1204 347 nulla
1246 291 1468 346 ratione
1514 289 1900 367 fingentibus?

215 369 329 427 Sed
361 369 573 427 oblitus
602 370 958 427 liberalitatis
1000 389 1177 440 meae,
1204 389 1316 447 qua
1343 377 1534 426 tecum
1563 371 1735 447 paulo
1763 379 1899 428 ante

214 451 300 508 uti
342 470 656 527 coeperam,
688 450 852 527 plura
893 450 1257 526 complector.
1348 449 1676 507 Concedam
1715 451 1898 528 igitur

213 549 282 587 cx
317 531 629 588 individuis
671 538 931 587 constare
973 530 1184 587 omnia.
1270 529 1423 598 Quid
1457 530 1532 587 ad
1565 532 1723 588 rem?
1765 531 1898 588 deo-

213 630 339 667 rum
362 611 515 668 enim
536 618 737 667 natura
755 610 1057 687 quaeritur.
1130 615 1221 666 68.
1255 609 1385 667 Sint
1406 629 1539 666 sane
1562 630 1631 668 ex
1653 611 1895 668 atomis:

211 709 329 747 non
358 691 536 767 igitur
563 691 792 747 aeterni.
878 689 1048 758 Quod
1077 690 1229 746 enim
1260 709 1328 746 ex
1358 690 1583 760 atomis,
1605 690 1666 747 id
1693 700 1895 747 natum

211 770 516 847 aliquando
551 778 651 827 est.
738 769 801 827 Si
841 778 1060 840 natum,
1085 769 1229 825 nulli
1261 770 1322 826 di
1355 777 1488 827 ante
1523 790 1696 847 quam
1738 772 1894 828 nati:

211 858 269 908 et
296 851 345 906 si
373 858 532 907 ortus
561 857 647 906 est
675 849 931 919 deorum,
956 850 1222 907 interitus
1250 849 1324 906 sit
1353 868 1577 907 necesse
1607 858 1709 919 est,
1735 859 1800 908 ut
1827 859 1894 907 tu

209 929 382 1006 paulo
414 937 546 986 ante
575 930 647 986 de
678 929 938 987 Platonis
966 929 1185 986 mundo
1210 929 1560 1006 disputabas,
1638 929 1759 988 Ubi
1790 931 1893 1007 igi-

209 1022 304 1067 tur
343 1009 486 1067 illud
515 1016 767 1066 vestrum
795 1009 1029 1066 beatum
1071 1017 1131 1067 et
1173 1017 1486 1080 aeternum,
1513 1009 1720 1086 quibus
1754 1011 1894 1067 duo-

122 1108 139 1119 *
209 1089 314 1146 bus
342 1089 530 1147 verbis
558 1089 891 1166 significatis
920 1090 1131 1146 deum?
1174 1090 1331 1180 quod
1363 1110 1495 1147 cum
1529 1089 1747 1148 efficere
1775 1091 1894 1148 vul-

206 1170 298 1240 tis,
323 1170 385 1226 in
413 1150 648 1226 dumeta
675 1170 989 1246 correpitiS.
1061 1169 1152 1226 Ita
1179 1169 1333 1226 enim
1362 1169 1606 1240 dicebaS,
1628 1189 1744 1227 non
1774 1190 1894 1228 cor-

206 1269 316 1326 pus
344 1269 464 1307 esse
486 1250 546 1306 in
576 1250 702 1320 dec,
728 1250 827 1307 sed
851 1250 1011 1326 quasi
1034 1269 1258 1326 corpus,
1279 1269 1383 1307 nec
1412 1251 1766 1327 sanguinem,
1792 1252 1893 1308 sed

205 1340 501 1406 tamquam
529 1330 883 1406 sanguinem.

284 1409 483 1468 XXV.
570 1415 663 1467 69.
708 1409 840 1466 Hoc
870 1428 1142 1486 persaepe
1170 1409 1380 1479 facitis,
1400 1416 1481 1480 ut,
1507 1429 1636 1466 cum
1672 1410 1892 1487 aliquid

203 1509 321 1546 non
365 1490 482 1546 veri
524 1489 708 1547 simile
751 1490 955 1546 dicatis
999 1497 1058 1546 et
1098 1490 1349 1564 effugere
1391 1489 1889 1566 reprehensionem

203 1570 407 1641 velitis,
432 1570 705 1627 adferatis
725 1569 940 1646 aliquid
965 1569 1121 1646 quod
1145 1569 1381 1625 omnino
1411 1588 1484 1626 ne
1503 1568 1625 1625 fieri
1655 1571 1888 1646 quidem

203 1651 404 1728 possit,
435 1658 501 1708 ut
534 1651 713 1708 satius
748 1650 926 1707 fuerit
958 1649 1101 1706 illud
1135 1649 1346 1727 ipsum,
1376 1649 1447 1706 de
1487 1669 1601 1726 quo
1640 1649 1893 1728 ambige-

202 1732 388 1802 batur,
433 1732 743 1788 concedere
793 1750 965 1807 quam
1014 1738 1135 1787 tam
1191 1730 1556 1806 impudenter
1610 1731 1888 1789 resistere.

206 1812 382 1869 Velut
424 1811 723 1887 EpicuruS,
749 1830 879 1868 cum
924 1811 1159 1880 videret,
1191 1810 1239 1866 si
1280 1810 1461 1867 atomi
1502 1810 1787 1868 ferrentur
1828 1812 1889 1868 in

203 1891 392 1948 locum
415 1891 746 1948 inferiorem
770 1899 975 1967 suopte
997 1890 1270 1967 pondere,
1292 1889 1435 1946 nihil
1457 1890 1581 1947 fore
1604 1891 1664 1946 in
1695 1899 1893 1948 nostra

203 1977 489 2048 potestate
519 1971 676 2048 quod
703 1979 851 2028 esset
879 1990 1072 2027 earum
1108 1977 1302 2026 mot-us
1336 1977 1524 2027 certus
1552 1978 1610 2027 et
1639 1990 1891 2027 necessa-

203 2053 334 2121 riuS,
355 2052 577 2108 invenit
612 2070 726 2127 quo
760 2051 936 2107 modo
970 2049 1368 2107 necessitatem
1411 2050 1708 2126 effugeret,
1733 2052 1890 2127 quod

205 2132 470 2189 videlicet
512 2130 911 2188 Democritum
959 2131 1205 2206 fugerat.
1290 2130 1397 2186 Ait
1446 2138 1724 2201 atomum,
1756 2151 1887 2188 cum

202 2213 454 2288 pondere
497 2219 555 2268 et
595 2212 876 2287 gravitate
918 2211 1137 2267 directo
1181 2210 1416 2267 deorsus
1455 2211 1688 2281 feratur,
1721 2211 1890 2268 decli-

202 2313 334 2350 nare
377 2291 690 2369 paululum.
794 2292 884 2348 70.
923 2291 1056 2347 Hoc
1098 2290 1286 2347 dicere
1318 2291 1544 2368 turpius
1586 2299 1671 2348 est
1715 2311 1887 2367 quam

200 2373 358 2443 illud,
391 2372 548 2449 quod
592 2371 728 2442 vult,
761 2391 876 2428 non
920 2390 1088 2447 posse
1131 2370 1455 2428 defendere.
1540 2370 1702 2428 Idem
1745 2372 1890 2429 facit

200 2462 400 2510 contra
427 2452 788 2510 dialecticos:
824 2472 858 2508 a
887 2450 1094 2527 quibus
1124 2470 1254 2506 cum
1277 2450 1553 2508 traditum
1583 2452 1657 2507 sit
1679 2451 1738 2507 in
1768 2471 1889 2507 om-

201 2533 369 2590 nibus
397 2532 904 2602 diiunctionibUS,
892 2551 952 2587 m
983 2530 1246 2607 quibus“
1267 2538 1366 2587 aut
1389 2531 1560 2587 etiam
1591 2539 1689 2588 aut
1718 2531 1885 2588 non’'

201 2621 523 2689 poneretur,
549 2613 788 2669 alterum
825 2621 1019 2669 utrum
1054 2630 1249 2667 verum
1294 2630 1431 2681 esse,
1462 2611 1761 2686 pertimuit
1794 2631 1885 2682 ne,

202 2694 245 2749 si
282 2713 613 2750 concessum
649 2700 796 2749 esset
830 2692 1000 2748 huius
1032 2691 1194 2747 modi
1230 2689 1481 2767 aliquid:
1525 2691 1699 2748 “Aut
1733 2692 1824 2749 viv
1829 2702 1890 2749 et

201 2793 323 2832 cras
363 2781 463 2830 aut
504 2792 620 2829 non
656 2773 809 2829 vivet
852 2770 1188 2848 EpicuruS‚”
1214 2770 1453 2827 alterurn
1498 2778 1691 2827 utrum
1726 2771 1888 2829 fieret

201 2853 598 2923 necessarium,
624 2860 813 2909 totum
843 2852 955 2908 hoc
988 2853 1021 2878 ‘⁶
1045 2857 1146 2907 aut
1180 2850 1351 2906 ctiam
1389 2858 1488 2907 aut
1516 2851 1667 2907 non’
1673 2851 1889 2928 'nega—

202 2935 285 2991 vit
314 2953 433 2990 esse
464 2933 878 2989 necessarium:
917 2951 1031 3008 quo
1063 2930 1202 3007 quid
1232 2930 1346 2987 dici
1369 2932 1562 3007 potuit
1592 2931 1887 2989 obtusius?

202 3014 461 3090 Urgebat
502 3014 784 3070 Arcesilas
825 3014 1133 3085 Zenonem,
1168 3034 1296 3071 cum
1338 3015 1460 3090 ipse
1501 3014 1646 3072 falsa
1688 3018 1884 3073 omnia

203 3095 428 3162 diceret,
462 3113 604 3170 quac
639 3093 896 3150 sensibus
934 3094 1277 3164 viderentur,
1310 3094 1500 3150 Zenon
1536 3102 1723 3151 autem
1762 3115 1880 3153 non

204 3173 354 3231 nulla
395 3174 515 3231 visa
552 3187 670 3231 esse
704 3174 865 3240 falsa,
899 3193 1011 3230 non
1050 3174 1259 3231 omnia.
1345 3173 1565 3231 Timuit
1599 3175 1882 3250 Epicurus
