2205 3431
217 113 280 160 84
662 113 762 161 DE
797 115 845 162 N
852 114 1097 185 ATURA
1132 115 1455 165 DEORUM.

220 219 351 270 106.
389 213 744 292 Paribusque
787 216 965 273 stellis
1008 216 1272 274 similiter
1304 217 1591 275 distinctis
1633 219 1894 277 eumdem

218 294 355 352 caeli
386 296 653 353 verticem
684 296 887 353 lustrat
915 316 1090 373 parva
1120 296 1434 373 Cynosura.
1651 320 1655 324 ·

346 416 460 464 Hac
483 417 646 464 fidunt
669 416 793 465 duce
817 428 1057 464 nocturna
1079 417 1354 466 Phoenices
1379 418 1430 465 in
1456 417 1574 469 alto.

347 482 447 530 Sed
470 483 601 543 prior
623 482 709 529 illa
732 483 891 542 magis
915 482 1067 530 stellis
1091 483 1324 530 distincta
1345 484 1571 546 refulget,

345 547 414 595 Et
436 548 535 595 late
553 548 713 608 prima
735 548 991 595 confestim
1017 563 1048 594 a
1069 556 1214 596 nocte
1236 548 1456 597 videtur:

345 612 487 661 Ilaec
509 628 625 660 vero
648 628 798 674 parva
820 622 911 672 est,
929 612 1014 660 sed
1037 615 1199 660 nautis
1223 629 1339 661 usus
1366 614 1416 661 in
1440 614 1534 663 hac
1557 623 1646 664 est.

344 677 477 726 Nam
501 693 646 726 cursu
669 678 899 727 interiore
922 678 1055 727 brevi
1080 679 1379 728 convertitur
1400 680 1534 730 orbe.

212 794 398 933 XLJI.
436 795 513 852 Et
555 815 669 872 quo
712 796 787 852 sit
820 814 1010 856 earum
1057 796 1347 853 stellarum
1389 797 1778 856 admirabilior
1818 819 1898 857 as-

212 894 318 951 pec
347 895 429 948 uS‚
558 889 562 893 “

344 999 453 1046 Has
476 998 619 1056 inter,
632 996 783 1045 veluti
806 997 980 1059 rapido
1007 1011 1122 1045 cum
1143 997 1339 1058 gurgite
1364 997 1568 1060 flumen,

342 1064 535 1111 Torvus
559 1063 727 1111 Draco
754 1063 906 1126 serpit
928 1063 1096 1111 subter
1119 1078 1389 1126 superaque
1412 1065 1667 1114 revolvens

343 1131 462 1178 Sese
484 1128 847 1192 conficiensque
871 1128 1005 1177 sinus
1027 1143 1056 1177 e
1079 1143 1284 1191 corpore
1305 1129 1477 1178 flexos,

215 1246 346 1305 107.
379 1247 519 1304 Eius
547 1266 678 1304 cum
707 1247 887 1303 totius
921 1253 1009 1304 est
1034 1245 1322 1323 praeclara
1349 1248 1581 1324 specieS‚
1608 1247 1666 1305 in
1696 1249 1897 1325 primis

210 1328 538 1405 aspicienda
566 1334 654 1385 est
681 1326 863 1404 figura.
891 1327 1095 1405 capitis
1124 1334 1295 1403 atque
1324 1328 1494 1386 ardor
1521 1328 1832 1387 oculorum.

340 1455 474 1504 Huic
497 1470 597 1503 non
623 1470 722 1502 una
743 1454 894 1502 modo
917 1462 1064 1516 caput
1086 1468 1269 1502 ornans
1293 1454 1434 1503 stella
1455 1454 1656 1516 relucet,

339 1521 530 1568 Verum
558 1531 779 1582 tempora
803 1529 919 1568 sunt
941 1520 1126 1582 duplici
1149 1520 1340 1580 fulgore
1363 1528 1549 1581 notata,

338 1586 384 1634 E
412 1586 731 1648 trucibusque
754 1586 909 1634 oculis
932 1586 1030 1633 dno
1055 1586 1243 1633 fervida
1265 1585 1453 1633 lumina
1473 1585 1685 1647 flagrant

336 1654 510 1713 Atque
535 1667 632 1699 uno
656 1661 880 1700 mentum
903 1651 1114 1698 radianti
1138 1651 1297 1699 sidere
1323 1652 1483 1699 lucet:

339 1719 601 1781 Obstipum
628 1727 776 1780 caput
801 1733 859 1765 ac
883 1717 1022 1765 tereti
1047 1717 1235 1765 cervice
1258 1715 1515 1778 reflexum,

338 1784 580 1832 Obtutum
605 1784 655 1831 in
680 1783 838 1831 cauda
860 1782 1059 1830 maioris
1083 1783 1235 1842 figere
1258 1782 1409 1832 dicaS.

212 1905 342 1956 108.
375 1900 452 1957 Et
478 1900 762 1976 reliquum
793 1899 1024 1977 quidem
1056 1896 1263 1976 corPus
1285 1899 1566 1957 Draconis
1594 1900 1734 1957 totis
1761 1919 1894 1958 noc-

208 1979 364 2040 tibus
392 1981 710 2038 cernimus:

338 2103 451 2151 Hoc
474 2110 623 2165 caput
646 2101 727 2150 hic
753 2101 955 2165 paulum
980 2117 1085 2150 sese
1109 2102 1370 2165 subitoque
1391 2102 1630 2162 recondit,

337 2168 489 2217 Ortus
513 2169 597 2217 ubi
621 2178 770 2231 atque
793 2169 955 2217 obitus
978 2168 1162 2230 partim
1185 2168 1487 2216 admiscetur
1512 2169 1564 2216 in
1588 2183 1755 2219 unam.

208 2286 279 2344 Id
305 2294 496 2344 autem
526 2293 701 2363 caput

334 2413 604 2528 ettingens
627 2412 820 2461 defessa
842 2411 974 2461 velut
997 2411 1263 2462 maerentis
1282 2411 1448 2473 imago

388 2489 580 2540 ertum,

206 2609 376 2667 quam
407 2590 640 2668 quidem
669 2589 871 2647 Graeci

333 2719 622 2778 Engonasin
646 2718 880 2777 vocitant,
895 2717 1100 2777 genibus
1125 2716 1242 2780 quia
1264 2717 1386 2764 nixa
1406 2716 1593 2767 feratur

334 2784 434 2831 Hic
457 2784 540 2831 illa
561 2784 747 2831 eximio
771 2784 933 2845 posita
955 2792 1029 2831 est
1050 2783 1244 2843 fulgore
1264 2784 1479 2834 Corona.

204 2901 398 2993 Atque
420 2899 559 2957 hacc
590 2901 821 2977 quidem
844 2920 877 2957 a
897 2907 1077 2977 tergo,
1099 2907 1335 2978 propter
1356 2908 1530 2979 caput
1552 2909 1741 2960 autem
1769 2902 1888 2959 An-

203 2989 538 3058 gultenens:

206 3093 337 3145 109.
365 3098 528 3156 Quem
553 3095 683 3145 claro
706 3097 961 3158 perhibent
985 3098 1297 3161 Ophiuchum
1321 3100 1522 3150 nomine
1546 3100 1683 3151 Grai.

366 3165 466 3214 llic
488 3180 658 3227 pressu
681 3166 861 3226 duplici
884 3167 1159 3228 palmarum
1184 3169 1403 3216 continet
1425 3170 1673 3230 Anguem,
