2205 3431
201 94 265 139 94
647 91 744 138 DE
777 89 1073 139 NATURA
1107 89 1427 139 DEORUM.

202 191 367 248 nimii
401 197 791 267 temperantur
823 189 1068 247 calores!
1112 189 1183 245 ab
1217 189 1422 246 iisdem
1464 190 1639 246 etiam
1672 192 1886 249 mariti-

203 272 283 328 mi
327 290 521 327 cursus
563 269 768 327 celeres
810 277 868 326 et
909 270 1048 326 certi
1087 269 1426 344 diriguntur.
1512 269 1697 327 Multa
1729 289 1887 346 prae-

204 350 479 408 tereunda
506 358 640 406 sunt
668 356 727 406 et
753 355 945 405 tamen
979 349 1162 405 multa
1193 349 1476 406 dicuntur.
1566 355 1697 407 132.
1733 350 1887 407 Enu-

202 430 407 488 merari
443 430 596 487 enim
638 448 755 485 non
791 434 1032 504 possunt
1064 428 1368 485 fluminum
1404 430 1883 505 opportunitateS,

202 518 392 567 aestus
414 508 687 566 maritimi
709 516 912 564 mutuo
935 508 1266 565 accedentes
1288 515 1345 565 et
1366 508 1709 579 recedentes,
1725 528 1887 566 mon-

202 598 288 647 tes
310 589 505 646 vestiti
526 596 697 665 atque
726 587 1024 659 silvestreS‚
1045 588 1254 644 salinae
1276 588 1346 644 ab
1370 607 1469 644 ora
1488 589 1778 645 maritima
1804 608 1888 646 re-

203 669 571 739 motissimae,
592 668 1140 725 medicamentorum
1170 667 1498 724 salutarium
1522 668 1886 744 plenissimae

202 756 399 819 terrae,
424 755 572 805 artes
605 748 852 824 denique
886 746 1327 804 innumerabiles
1361 747 1434 803 ad
1467 748 1683 804 victum
1719 756 1778 805 et
1812 748 1887 805 ad

202 830 380 885 vitam
398 828 758 884 necessariae.
812 827 933 883 Iam
953 827 1067 883 diei
1086 827 1384 903 noctisque
1402 827 1735 884 vicissitudo
1755 846 1888 884 con-

203 915 387 965 servat
414 908 731 964 animantes
759 906 1016 964 tribuens
1043 906 1200 963 aliud
1228 906 1436 982 agendi
1458 914 1705 983 tempuS,
1726 907 1884 964 aliud

205 987 548 1063 quiescendi.
633 986 728 1044 Sic
769 987 1024 1063 undique
1066 986 1225 1043 omni
1259 986 1481 1043 ratione
1523 985 1887 1044 concluditur

203 1073 395 1124 mente
424 1066 775 1143 consilioque
797 1066 994 1124 divino
1023 1067 1219 1123 omnia
1239 1066 1298 1122 in
1322 1065 1431 1123 hoc
1459 1067 1680 1123 mundo
1708 1067 1782 1123 ad
1805 1086 1889 1124 sa-

160 1145 169 1156 ’
203 1146 381 1204 lutem
417 1147 677 1203 omnium
711 1147 1314 1223 conservationemque
1347 1145 1760 1203 admirabiliter
1791 1147 1888 1203 ad-

204 1226 530 1284 ministrari.

289 1313 419 1363 133.
456 1305 559 1363 Sin
595 1312 827 1383 quaeret
856 1305 1142 1382 quispiam
1175 1305 1470 1362 cuiusnam
1505 1324 1673 1362 causa
1705 1311 1889 1363 tanta-

204 1406 331 1443 rum
353 1405 538 1444 rerum
563 1385 789 1442 molitio
811 1385 965 1442 facta
992 1386 1082 1456 sit,
1105 1385 1446 1443 arborumne
1468 1391 1527 1442 et
1546 1385 1848 1443 herbarum
1867 1387 1888 1444 ἓ

207 1486 349 1543 quae
374 1485 718 1544 quamquam
742 1466 862 1522 sine
892 1484 1058 1522 sensu
1088 1472 1237 1535 sunt,
1258 1472 1451 1523 tamen
1480 1484 1515 1522 a
1540 1472 1745 1522 natura
1772 1486 1889 1523 sus-

205 1548 476 1604 tinentur.
561 1546 645 1602 At
672 1546 734 1602 id
763 1546 999 1622 quidem
1032 1544 1342 1602 absurdum
1373 1552 1474 1602 est.
1558 1545 1656 1601 An
1685 1545 1891 1603 bestia-

205 1628 369 1684 rum?
451 1625 648 1682 Nihilo
678 1624 1029 1702 probabilius
1056 1625 1196 1682 deos
1225 1633 1516 1681 mutorum
1546 1632 1604 1682 et
1631 1624 1775 1681 nihil
1806 1626 1889 1682 in-

206 1706 600 1783 tellegentium
623 1725 791 1764 causa
810 1712 1036 1762 tantum
1061 1705 1357 1763 laborasse.
1430 1704 1688 1773 Quorum
1710 1706 1891 1782 igitur

207 1807 374 1845 causa
408 1788 535 1864 quis
568 1786 775 1843 dixerit
809 1785 1078 1842 effectum
1113 1804 1233 1842 esse
1271 1784 1590 1843 mundum?
1672 1786 1888 1843 Eorum

208 1867 423 1924 scilicet
450 1865 846 1936 animantium,
872 1884 1015 1941 quae
1049 1866 1269 1922 ratione
1301 1872 1557 1923 utuntur.
1642 1865 1727 1923 Hi
1755 1874 1890 1924 sunt

208 1947 268 2004 di
291 1953 349 2004 et
371 1946 646 2016 homineS‚
669 1945 876 2023 quibus
897 1946 1160 2022 profecto
1188 1945 1330 2002 nihil
1355 1952 1442 2003 est
1462 1945 1698 2004 melius:
1742 1947 1889 2004 ratio

209 2034 295 2084 est
313 2027 464 2084 enim
488 2045 631 2103 quae
649 2032 898 2103 praestet
921 2024 1203 2083 omnibus,
1276 2025 1367 2082 Ita
1384 2025 1449 2082 fit
1468 2025 1736 2084 credibile
1759 2026 1892 2084 deo-

208 2127 336 2164 rum
359 2114 415 2164 et
434 2106 734 2163 hominum
756 2125 923 2162 causa
943 2105 1163 2162 factum
1187 2124 1304 2163 esse
1326 2106 1609 2162 mundum
1634 2125 1890 2183 quaeque

209 2189 269 2245 in
292 2207 360 2245 eo
383 2188 498 2244 sint
522 2187 728 2243 omnia.
809 2185 960 2242 LIV.
986 2184 1341 2262 Faciliusque
1363 2186 1727 2262 intellegetur
1746 2205 1782 2244 a
1801 2187 1891 2244 dis

209 2266 627 2325 immortalibus
645 2265 974 2322 hominibus
996 2284 1116 2322 csse
1138 2266 1447 2342 provisum,
1462 2266 1510 2322 si
1529 2267 1637 2323 erit
1653 2273 1776 2323 tota
1791 2266 1893 2323 ho-

209 2348 382 2405 minis
403 2346 702 2404 fabricatio
721 2350 1015 2422 perspecta
1037 2346 1336 2423 omnisque
1352 2344 1635 2403 humanae
1657 2353 1891 2404 naturae

209 2428 393 2505 figura
421 2434 591 2504 atque
619 2426 916 2502 perfectio,
1003 2430 1135 2483 134.
1173 2426 1323 2482 Nam
1352 2445 1483 2482 cum
1512 2425 1696 2483 tribus
1722 2426 1892 2484 rebus

210 2507 589 2565 animantium
631 2506 749 2563 vita
788 2511 1063 2576 teneatur,
1095 2505 1243 2577 cibo,
1272 2506 1527 2582 potione,
1559 2506 1781 2583 spiritu,
1817 2506 1893 2563 ad

211 2588 348 2646 haec
379 2587 573 2645 omnia
601 2585 969 2663 percipienda
996 2605 1060 2642 os
1095 2593 1184 2643 est
1210 2586 1588 2662 aptissimum,
1614 2586 1772 2663 quod
1798 2586 1894 2643 ad-

211 2669 423 2726 iunctis
450 2667 682 2724 naribus
712 2666 916 2743 spiritu
950 2672 1204 2742 augetur.
1288 2663 1576 2723 Dentibus
1609 2672 1800 2724 autem
1830 2667 1892 2723 in

212 2768 308 2805 ore
343 2747 683 2805 constructis
717 2746 1009 2803 manditur
1040 2753 1212 2823 atque
1246 2745 1316 2803 ab
1345 2746 1435 2802 his
1468 2753 1807 2804 extenuatur
1835 2755 1895 2803 et

212 2827 449 2884 molitur
477 2826 652 2884 cibus.
736 2826 951 2883 Eorum
981 2825 1200 2883 adversi
1223 2826 1374 2882 acuti
1403 2845 1598 2883 morsu
1625 2826 1896 2884 dividunt

214 2927 385 2978 escaS,
410 2907 604 2962 intimi
637 2913 829 2963 autem
864 2905 1175 2962 conficiunt
1204 2906 1301 2982 qui
1335 2906 1571 2981 genuini
1600 2913 1891 2977 vocantur,

216 3007 358 3065 quae
383 2985 669 3043 confectio
694 2985 865 3042 etiam
889 3005 923 3042 a
943 2984 1140 3061 lingua
1161 2985 1414 3042 adiuvari
1436 2986 1676 3044 videtur.
1758 2992 1890 3045 135.

214 3067 499 3143 Linguam
534 3072 723 3122 autem
759 3065 832 3121 ad
865 3065 1083 3121 radices
1116 3066 1237 3122 eius
1270 3065 1506 3122 haerens
1539 3066 1754 3142 excipit
1782 3073 1897 3125 sto-

216 3147 467 3214 machus,
491 3165 604 3222 quo
627 3145 878 3221 primum
901 3143 1212 3202 illabuntur
1238 3165 1319 3213 ca,
1342 3165 1484 3221 quae
1507 3154 1741 3224 accepta
1762 3154 1896 3206 sunt
