2205 3431
743 112 897 161 CAP.
928 112 1288 172 X1v.-xv1.,
1320 112 1552 170 §31-36.
1896 114 1992 159 265
2027 156 2031 161 ,

308 214 441 271 bera
468 221 569 271 est.
658 218 748 270 34.
794 212 966 280 Quod
994 212 1042 269 si
1071 213 1417 270 concedatur
1443 213 1587 270 nihil
1610 232 1777 289 posse
1807 214 1991 270 eveni-

306 312 365 350 re
400 293 508 349 nisi
543 313 712 350 causa
742 292 1129 363 antecedente,
1156 292 1295 369 quid
1323 292 1668 369 proficiatur,
1694 293 1742 348 si
1772 312 1838 349 ea
1865 312 1991 349 cau-

306 392 368 429 sa
395 392 512 428 non
541 392 609 429 ex
632 372 875 429 aeternis
896 372 1079 429 causis
1101 381 1238 448 apta
1258 372 1515 429 dicatur?
1590 372 1777 429 Causa
1798 382 1988 429 autem

305 472 372 509 ca
400 459 500 523 est,
523 471 667 528 quae
700 452 761 509 id
791 451 978 523 efficit,
1004 452 1166 509 cuius
1194 458 1280 509 est
1308 471 1490 522 causa,
1516 458 1582 508 ut
1609 452 1814 509 vulnus
1841 472 1990 509 mor-

304 532 396 603 tis,
438 532 688 588 cruditas
731 531 936 603 morbi,
979 532 1131 607 ignis
1175 532 1407 589 ardoriS.
1494 532 1696 609 Itaque
1742 552 1858 589 non
1908 534 1989 590 sic

304 631 473 669 causa
499 611 755 687 intellegi
777 611 963 683 debet,
985 618 1065 683 ut,
1093 612 1249 688 quod
1272 612 1477 688 cuique
1505 612 1820 682 antecedat,
1844 613 1907 669 id
1935 613 1986 669 ei

304 710 473 748 causa
505 691 596 763 sit,
622 692 723 748 sed
757 691 913 767 quod
941 692 1147 769 cuique
1181 690 1490 750 efficienter
1522 693 1838 762 antecedat,
1863 712 1985 763 nec,

239 799 243 803 v
305 771 459 847 quod
493 771 555 828 in
589 790 856 847 campum
891 770 1299 843 descenderim,
1330 772 1394 829 id
1425 773 1602 830 fuisse
1644 792 1845 829 causae
1887 792 1988 829 cur

302 850 420 926 pila
459 850 731 921 luderem,
764 870 868 907 nec
902 850 1206 908 Hecubam
1240 871 1467 909 causam
1501 852 1768 910 interitus
1807 853 1988 909 fuisse

301 929 579 1001 Troianis,
614 930 769 1007 quod
810 929 1202 987 Alexandrum
1244 932 1522 1007 genuerit,
1553 952 1658 990 nec
1699 932 1989 1008 Tyndare-

302 1029 402 1065 um
441 1010 884 1085 Agamemnoni,
918 1011 1075 1087 quod
1114 1010 1570 1087 Clytemestram.
1656 1012 1788 1070 Hoc
1831 1013 1986 1069 enim

301 1089 478 1146 modo
521 1090 705 1146 viator
746 1109 975 1167 quoque
1008 1090 1153 1147 bene
1194 1092 1435 1148 vestitus
1476 1111 1644 1149 causa
1680 1093 1986 1167 grassatori

300 1169 478 1226 fuisse
527 1169 749 1227 dicetur
793 1190 893 1226 cur
936 1170 1008 1226 ab
1054 1190 1123 1227 eo
1169 1170 1521 1246 spoliaretur.
1609 1178 1701 1230 35.
1746 1172 1833 1228 Ex
1875 1171 1986 1229 hoc

299 1268 506 1326 genere
534 1250 677 1306 illud
705 1258 791 1307 est
819 1250 1025 1307 Ennii:

560 1378 765 1426 Utinam
792 1392 852 1424 ne
876 1377 926 1424 in
950 1392 1152 1425 nemore
1175 1378 1317 1427 Pelio
1340 1380 1593 1427 securibus

561 1444 722 1492 Caesa
743 1443 1001 1492 accidisset
1022 1443 1232 1504 abiegna
1253 1444 1318 1491 ad
1341 1453 1522 1493 terram
1548 1445 1737 1492 trabes!

301 1570 491 1628 Licuit
523 1571 612 1629 vel
640 1571 812 1629 altius
842 1571 876 1598 “
896 1571 1142 1630 Utinam
1170 1591 1242 1629 ne
1270 1573 1332 1629 in
1361 1572 1524 1629 Pelio
1553 1580 1688 1630 nata
1721 1572 1836 1629 ulla
1863 1592 1986 1628 um-

304 1670 476 1728 quam
518 1658 668 1709 esset
701 1651 947 1708 arborl’'
983 1652 1157 1708 etiam
1194 1671 1364 1729 supra
1400 1652 1696 1710 “Utinam
1730 1671 1802 1709 ne
1837 1658 1987 1709 esset

299 1751 470 1788 mons
503 1732 651 1789 ullus
683 1731 877 1789 Pelius
898 1731 959 1789 l’'
998 1732 1373 1810 similiterque
1408 1733 1699 1809 superiora
1730 1742 1987 1809 repeten-

299 1818 418 1868 tem
447 1812 669 1889 regredi
696 1811 921 1872 infinite
948 1812 1098 1870 licet.

560 1940 698 1988 Neve
720 1938 837 1988 inde
857 1939 998 1988 navis
1020 1938 1289 1988 incohandi
1312 1939 1576 1988 exordium

558 2005 827 2067 Coepisset.

299 2121 584 2191 Quorsum
613 2122 751 2179 haec
780 2121 1125 2199 praeterita?
1206 2119 1356 2190 Quia
1384 2122 1641 2200 sequitur
1668 2122 1844 2180 illud:

394 2253 525 2300 Nam
550 2267 821 2314 numquam
846 2267 930 2300 era
956 2266 1124 2300 errans
1149 2266 1259 2300 mea
1283 2252 1431 2300 domo
1453 2252 1658 2301 ecferret
1681 2252 1873 2315 pedem,

395 2317 593 2379 Medea,
613 2318 779 2366 animo
803 2333 966 2378 aegra,
987 2331 1155 2366 amore
1178 2333 1326 2366 saevo
1348 2318 1530 2378 saucia,

298 2465 413 2502 non
443 2452 510 2502 nt
539 2464 636 2503 eae
665 2463 753 2501 res
774 2464 1000 2501 causam
1031 2445 1322 2502 adferrent
1350 2446 1576 2502 amoris,

378 2525 543 2584 XVI.
651 2530 743 2582 36.
803 2525 1082 2582 Interesse
1140 2532 1332 2582 autem
1388 2526 1565 2595 aiunt,
1611 2533 1802 2582 utrum
1859 2525 1984 2582 eius

298 2605 459 2662 modi
493 2605 634 2681 quid
667 2605 757 2674 sit,
790 2605 911 2662 sine
947 2625 1061 2681 quo
1096 2605 1315 2681 aliquid
1348 2604 1495 2662 effici
1529 2624 1644 2662 non
1679 2605 1877 2681 possit,
1908 2625 1981 2662 an

300 2685 421 2741 eius
453 2684 633 2755 modi,
660 2704 774 2761 quo
810 2684 1026 2761 aliquid
1061 2683 1206 2741 effici
1241 2704 1467 2741 necesse
1503 2685 1592 2741 sit.
1678 2683 1852 2740 Nulla
1879 2685 1983 2761 igi-

298 2770 393 2820 tur
427 2783 618 2821 earum
654 2772 740 2821 est
775 2783 957 2833 causa,
984 2764 1256 2841 quoniam
1291 2764 1447 2821 nulla
1480 2783 1606 2820 eam
1639 2783 1759 2821 rem
1796 2783 1897 2820 sua
1926 2765 1981 2821 vi

299 2843 487 2913 efficit,
513 2844 675 2901 cuius
707 2844 917 2901 dicitur
944 2863 1130 2914 causa,
1154 2862 1258 2900 nec
1286 2844 1363 2914 id,
1389 2844 1510 2899 sine
1540 2862 1653 2919 quo
1684 2843 1980 2921 quippiam

296 2942 415 2980 non
444 2922 526 2993 fit,
551 2943 720 2980 causa
747 2931 849 2993 est,
876 2923 977 2980 sed
997 2923 1073 2993 id,
1101 2923 1258 2999 quod
1286 2942 1416 2980 cum
1446 2923 1696 2993 accessit,
1721 2923 1799 2993 id,
1820 2923 1982 2980 cuius

299 3023 466 3060 causa
494 3010 596 3073 est,
622 3002 794 3060 efficit
822 3003 1155 3060 neccssariO.
1239 3002 1516 3059 Nondum
1547 3004 1700 3058 enim
1729 3002 1979 3059 ulcerato

299 3084 577 3160 serpentis
611 3102 805 3139 morsu
833 3082 1177 3151 Philocteta,
1204 3101 1347 3159 quae
1380 3102 1547 3139 causa
1575 3082 1633 3137 iu
1662 3102 1850 3139 rerum
1884 3102 1981 3138 na-

299 3171 426 3220 tura
454 3162 868 3232 continebatur,
892 3163 1017 3220 fore
1047 3169 1112 3219 ut
1142 3163 1189 3219 is
1218 3163 1275 3219 in
1307 3162 1490 3236 insula
1520 3161 1734 3220 Lemno
1764 3162 1980 3238 linque·

2009 3283 2080 3341 1
