2205 3431
499 128 631 179 LlB.
660 131 724 193 1.,
749 130 904 179 CAP.
932 129 1504 191 XXX1V.-XXXV1.,
1532 129 1560 190 ἕ
1585 134 1797 181 96-101.
1923 135 1989 181 37

307 231 642 309 poplitibus,
692 231 973 302 manibuS,
1025 232 1286 308 pedibus,
1338 232 1666 303 feminibus,
1712 234 1985 292 cruribus,

309 313 388 383 Si,
420 320 486 369 ut
528 312 865 369 immortalis
909 312 998 381 sit,
1032 312 1172 389 quid
1216 312 1354 369 haec
1400 313 1474 369 ad
1511 313 1688 369 vitam
1732 315 1990 372 membra

306 392 632 469 pertinent?
674 392 814 469 quid
848 392 973 468 ipsa
1004 392 1218 450 facies?
1301 392 1485 469 Magis
1527 393 1637 462 illa,
1674 393 1985 466 cerebrum,

305 492 419 543 cor,
444 473 761 549 pulmoneS,
785 473 955 529 iecur.
1040 471 1202 530 Haec
1237 473 1390 530 enim
1427 479 1561 529 sunt
1590 472 1882 530 domicilia
1908 475 1988 531 vi-

304 559 429 610 tae:
475 553 590 609 oris
632 552 864 629 quidem
899 551 1129 608 habitus
1171 552 1244 609 ad
1278 553 1427 609 vitae
1460 552 1793 610 firmitatem
1841 553 1985 610 nihil

303 632 569 708 pertinet.
634 632 923 689 XXXVI.
990 638 1121 688 100.
1158 633 1236 689 Et
1264 651 1361 689 eos
1389 632 1766 709 vituperabaS,
1789 634 1888 724 qui
1917 653 1986 690 ex

304 712 576 788 operibus
630 711 949 789 magnificis
1010 719 1183 788 atque
1237 712 1554 788 praeclaris,
1607 732 1738 770 cum
1795 714 1986 790 ipsum

301 792 602 861 mundum,
639 811 772 849 cum
814 793 934 849 eius
976 791 1248 883 membra,
1286 791 1521 862 caelum,
1557 800 1750 864 terraS,
1787 794 1982 885 maria,

303 891 550 948 cumque
585 872 840 929 horum
826 872 1088 948 lusignia‚
1123 871 1316 942 solem,
1342 871 1536 928 lunam
1571 872 1872 950 stellasque
1906 877 1984 930 vi-

302 951 536 1021 dissent,
569 971 814 1028 cumque
855 959 1184 1028 temporum
1225 952 1599 1021 maturitateS,
1634 953 1985 1010 mutationes

302 1031 834 1109 vicissitudinesque
882 1032 1299 1108 cognovissent,
1340 1032 1611 1108 suspicati
1659 1040 1848 1089 essent
1888 1033 1986 1089 ali-

302 1130 474 1187 quam
535 1111 897 1169 excellentem
963 1131 1082 1169 esse
1138 1118 1635 1188 praestantemque
1700 1120 1980 1184 naturam,

303 1210 446 1266 quae
503 1190 640 1248 haec
701 1192 946 1260 fecisset,
1003 1198 1277 1261 moveret,
1330 1199 1566 1267 regeret,
1622 1191 1979 1268 gubernaret.

301 1270 413 1338 Qui
463 1271 635 1327 etiam
687 1271 735 1327 si
783 1270 1046 1328 aberrant
1093 1291 1129 1328 a
1182 1272 1524 1341 coniectura,
1568 1272 1736 1328 video
1785 1280 1980 1330 tamen

301 1349 442 1426 quid
470 1357 793 1427 sequantur.
879 1350 968 1407 Tu
1000 1351 1157 1427 quod
1186 1371 1331 1428 opus
1359 1351 1592 1408 tandem
1622 1370 1895 1428 magnum
1925 1359 1984 1409 et

300 1430 593 1506 egregium
630 1429 820 1500 habeS,
848 1430 1003 1507 quod
1038 1431 1308 1488 effectum
1343 1431 1539 1488 divina
1569 1439 1763 1489 mente
1797 1432 1984 1489 videa-

298 1516 409 1580 tur,
441 1529 510 1566 ex
544 1529 658 1586 quo
692 1530 811 1567 esse
846 1510 984 1567 deos
1018 1510 1339 1587 suspicere?
1421 1510 1740 1580 Habebam,
1772 1512 1979 1588 inquiS‚

299 1589 359 1645 in
389 1589 581 1646 animo
611 1590 839 1646 insitam
871 1589 1342 1647 informationem
1372 1590 1679 1667 quamdam
1710 1591 1819 1648 dei.
1904 1592 1983 1648 Et

298 1668 522 1727 barbati
566 1670 798 1747 quidem
833 1669 1003 1741 IoviS,
1034 1669 1290 1746 galeatae
1334 1670 1651 1728 Minervae:
1695 1689 1832 1728 num
1877 1670 1982 1747 igi-

297 1757 393 1807 tur
419 1770 539 1808 esse
568 1750 709 1807 tales
737 1751 941 1827 putas?
1028 1756 1159 1808 101.
1206 1749 1435 1819 Quanto
1463 1750 1668 1807 melius
1697 1750 1836 1808 haec
1864 1751 1982 1808 vul-

296 1849 405 1904 gus
446 1830 861 1907 imperitorum,
899 1830 999 1907 qui
1040 1849 1158 1886 non
1206 1830 1465 1888 membra
1501 1831 1685 1888 solum
1729 1831 1982 1889 hominis

297 1909 406 1967 deo
448 1910 727 1981 tribuunt,
760 1910 861 1967 sed
901 1930 1069 1968 usum
1114 1910 1289 1967 etiam
1330 1910 1734 1970 membrorum.
1819 1911 1980 1969 Dant

297 1990 450 2046 enim
480 2010 690 2060 arcum,
716 1991 968 2066 sagittaS,
992 1989 1234 2061 hastam,
1259 1990 1523 2067 clipeum,
1548 1991 1849 2061 fuscinam,
1874 1992 1983 2048 fule

295 2088 429 2126 men
462 2077 522 2127 et
549 2070 597 2126 si
625 2070 879 2127 actiones
914 2089 1058 2146 quae
1092 2070 1209 2127 sint
1238 2070 1475 2127 deorum
1509 2090 1627 2127 non
1656 2072 1870 2141 vident,
1896 2073 1978 2128 ni-

294 2148 376 2206 hil
400 2156 665 2226 agentem
687 2158 879 2208 tamen
910 2149 1081 2207 deum
1112 2169 1229 2206 non
1260 2158 1475 2226 queunt
1497 2151 1763 2227 cogitare.
1841 2151 1978 2228 Ipsi,

297 2230 395 2305 qui
430 2230 752 2300 irridentur,
784 2230 1066 2307 Aegyptii
1105 2230 1320 2286 nullam
1362 2230 1588 2287 beluam
1630 2231 1740 2287 nisi
1776 2230 1850 2287 ob
1885 2232 1982 2288 ali-

297 2329 467 2385 quam
514 2310 822 2367 utilitatem
874 2329 1045 2386 quam
1091 2330 1161 2367 ex
1204 2330 1270 2367 ea
1310 2317 1579 2386 caperent
1627 2330 1981 2369 eonsecrave-

294 2396 460 2446 runt:
511 2390 666 2446 velut
700 2389 820 2447 ibes
854 2390 1162 2446 maximam
1198 2390 1314 2446 vim
1360 2390 1710 2466 serpentium
1753 2390 1982 2448 confici-

295 2476 415 2539 unt,
441 2488 573 2526 cum
616 2469 731 2525 sint
772 2489 903 2526 aves
946 2470 1212 2540 excelsae,
1238 2469 1496 2527 cruribus
1529 2471 1745 2546 rigidis,
1772 2490 1980 2528 corneo

293 2567 646 2625 proceroque
700 2556 923 2606 rostro:
981 2556 1244 2607 avertunt
1292 2556 1512 2625 pestem
1563 2550 1634 2607 ab
1682 2550 1976 2626 Aegypte,

293 2647 424 2685 eum
456 2628 712 2685 volucres
741 2648 955 2705 angues
983 2648 1052 2686 ex
1082 2630 1348 2686 vastitate
1377 2629 1592 2705 Libyae
1621 2636 1792 2686 vento
1822 2630 1980 2686 Afri-

293 2727 362 2764 co
394 2708 646 2765 invectas
678 2708 1029 2766 interficiunt
1063 2717 1236 2786 atque
1270 2716 1633 2779 consumunt,
1659 2728 1729 2765 ex
1764 2729 1878 2786 quo
1913 2710 1981 2768 fit

292 2794 360 2844 ut
388 2788 517 2845 illae
545 2807 649 2845 nec
677 2808 873 2845 morsu
901 2789 1061 2846 vivae
1089 2796 1334 2846 noceant
1362 2808 1467 2846 nec
1497 2790 1671 2846 odore
1700 2797 1976 2849 mortuae.

293 2867 539 2925 Possum
570 2867 642 2925 de
671 2868 1118 2925 ichneumonum
1149 2868 1413 2939 utilitate,
1440 2869 1511 2926 de
1540 2869 1975 2941 crocodilorum,

293 2947 366 3005 de
400 2948 603 3005 felium
638 2948 842 3018 dicere,
868 2947 968 3005 sed
1001 2948 1136 3005 nolo
1172 2968 1291 3005 esse
1324 2948 1547 3024 longus,
1634 2949 1725 3006 Ita
1757 2950 1978 3006 conclu-

293 3027 446 3097 dam,
484 3034 679 3085 tamen
728 3027 924 3085 beluas
972 3047 1007 3084 a
1053 3027 1307 3084 barbaris
1356 3036 1592 3104 propter
1638 3028 1976 3085 beneficium

293 3115 665 3176 consecratas,
703 3116 1021 3164 vestrorum
1076 3108 1314 3164 deorum
1373 3127 1488 3162 non
1545 3108 1721 3163 modo
1771 3107 1976 3162 benefi-

293 3187 448 3244 cium
480 3187 697 3243 nullum
729 3194 964 3256 exstare,
987 3187 1087 3243 sed
1118 3206 1187 3242 ne
1217 3187 1432 3241 factum
1466 3186 1697 3258 quidem
1722 3185 1973 3239 omnine.

459 3272 488 3315 4

1989 3237 2113 3324 f
