<?xml version="1.0" encoding="UTF-8"?>
<!DOCTYPE html PUBLIC "-//W3C//DTD XHTML 1.0 Transitional//EN"
    "http://www.w3.org/TR/xhtml1/DTD/xhtml1-transitional.dtd">
<html xmlns="http://www.w3.org/1999/xhtml" xml:lang="en" lang="en">
 <head>
  <title>
</title>
<meta http-equiv="Content-Type" content="text/html;charset=utf-8" />
  <meta name='ocr-system' content='tesseract 3.04.00' />
  <meta name='ocr-capabilities' content='ocr_page ocr_carea ocr_par ocr_line ocrx_word'/>
</head>
<body>
  <div class='ocr_page' id='page_1' title='image "./defato00cicegoog_0028.png"; bbox 0 0 2205 3431; ppageno 0'>
   <div class='ocr_carea' id='block_1_1' title="bbox 197 119 1420 169">
    <p class='ocr_par' dir='ltr' id='par_1_1' title="bbox 197 119 1420 169">
     <span class='ocr_line' id='line_1_1' title="bbox 197 119 1420 169; baseline 0.001 -3"><span class='ocrx_word' id='word_1_1' title='bbox 197 122 257 167; x_wconf 88' lang='lat'>18</span> <span class='ocrx_word' id='word_1_2' title='bbox 632 119 732 167; x_wconf 87' lang='lat' dir='ltr'>DE</span> <span class='ocrx_word' id='word_1_3' title='bbox 767 119 1066 168; x_wconf 87' lang='lat' dir='ltr'>NATURA</span> <span class='ocrx_word' id='word_1_4' title='bbox 1098 119 1420 169; x_wconf 86' lang='lat' dir='ltr'><strong>DEORUM.</strong></span> 
     </span>
    </p>
   </div>
   <div class='ocr_carea' id='block_1_2' title="bbox 192 218 1879 3254">
    <p class='ocr_par' dir='ltr' id='par_1_2' title="bbox 192 218 1875 1652">
     <span class='ocr_line' id='line_1_2' title="bbox 194 218 1875 296; baseline 0.001 -20"><span class='ocrx_word' id='word_1_5' title='bbox 194 225 361 294; x_wconf 88' lang='lat' dir='ltr'>putat</span> <span class='ocrx_word' id='word_1_6' title='bbox 388 218 618 276; x_wconf 79' lang='lat' dir='ltr'>aethera</span> <span class='ocrx_word' id='word_1_7' title='bbox 646 238 766 276; x_wconf 89' lang='lat' dir='ltr'>esse</span> <span class='ocrx_word' id='word_1_8' title='bbox 795 238 944 289; x_wconf 91' lang='lat' dir='ltr'>eum,</span> <span class='ocrx_word' id='word_1_9' title='bbox 971 238 1141 295; x_wconf 90' lang='lat' dir='ltr'>quem</span> <span class='ocrx_word' id='word_1_10' title='bbox 1171 219 1434 276; x_wconf 91' lang='lat' dir='ltr'>homines</span> <span class='ocrx_word' id='word_1_11' title='bbox 1457 218 1653 276; x_wconf 87' lang='lat' dir='ltr'>Iovem</span> <span class='ocrx_word' id='word_1_12' title='bbox 1683 219 1875 296; x_wconf 90' lang='lat' dir='ltr'>appel-</span> 
     </span>
     <span class='ocr_line' id='line_1_3' title="bbox 194 299 1875 376; baseline 0.001 -21"><span class='ocrx_word' id='word_1_13' title='bbox 194 299 391 369; x_wconf 90' lang='lat' dir='ltr'>larent,</span> <span class='ocrx_word' id='word_1_14' title='bbox 419 299 631 375; x_wconf 89' lang='lat' dir='ltr'>quique</span> <span class='ocrx_word' id='word_1_15' title='bbox 660 305 759 355; x_wconf 75' lang='lat' dir='ltr'>aer</span> <span class='ocrx_word' id='word_1_16' title='bbox 787 318 889 375; x_wconf 89' lang='lat' dir='ltr'>per</span> <span class='ocrx_word' id='word_1_17' title='bbox 914 299 1096 355; x_wconf 88' lang='lat' dir='ltr'>maria</span> <span class='ocrx_word' id='word_1_18' title='bbox 1124 305 1396 368; x_wconf 80' lang='lat' dir='ltr'>manaret,</span> <span class='ocrx_word' id='word_1_19' title='bbox 1418 318 1550 356; x_wconf 91' lang='lat' dir='ltr'>eum</span> <span class='ocrx_word' id='word_1_20' title='bbox 1580 319 1699 356; x_wconf 91' lang='lat' dir='ltr'>esse</span> <span class='ocrx_word' id='word_1_21' title='bbox 1723 300 1875 376; x_wconf 87' lang='lat' dir='ltr'>Nep-</span> 
     </span>
     <span class='ocr_line' id='line_1_4' title="bbox 192 378 1870 455; baseline 0.001 -20"><span class='ocrx_word' id='word_1_22' title='bbox 192 386 416 449; x_wconf 91' lang='lat' dir='ltr'>tunum,</span> <span class='ocrx_word' id='word_1_23' title='bbox 448 387 771 455; x_wconf 87' lang='lat' dir='ltr'>terramque</span> <span class='ocrx_word' id='word_1_24' title='bbox 821 397 944 435; x_wconf 86' lang='lat' dir='ltr'>eam</span> <span class='ocrx_word' id='word_1_25' title='bbox 996 398 1133 449; x_wconf 90' lang='lat' dir='ltr'>esse,</span> <span class='ocrx_word' id='word_1_26' title='bbox 1166 397 1310 455; x_wconf 89' lang='lat' dir='ltr'>quae</span> <span class='ocrx_word' id='word_1_27' title='bbox 1356 378 1527 436; x_wconf 83' lang='lat' dir='ltr'>Ceres</span> <span class='ocrx_word' id='word_1_28' title='bbox 1572 379 1870 451; x_wconf 89' lang='lat' dir='ltr'>diceretur,</span> 
     </span>
     <span class='ocr_line' id='line_1_5' title="bbox 194 458 1873 535; baseline -0.002 -17"><span class='ocrx_word' id='word_1_29' title='bbox 194 459 481 535; x_wconf 84' lang='lat' dir='ltr'>similique</span> <span class='ocrx_word' id='word_1_30' title='bbox 529 459 750 515; x_wconf 87' lang='lat' dir='ltr'>ratione</span> <span class='ocrx_word' id='word_1_31' title='bbox 796 458 1156 534; x_wconf 78' lang='lat' dir='ltr'>persequitur</span> <span class='ocrx_word' id='word_1_32' title='bbox 1200 458 1475 515; x_wconf 89' lang='lat' dir='ltr'>vocabula</span> <span class='ocrx_word' id='word_1_33' title='bbox 1523 458 1873 535; x_wconf 86' lang='lat' dir='ltr'>reliquorum</span> 
     </span>
     <span class='ocr_line' id='line_1_6' title="bbox 194 537 1873 615; baseline 0.001 -20"><span class='ocrx_word' id='word_1_34' title='bbox 194 539 449 596; x_wconf 90' lang='lat' dir='ltr'>deorum.</span> <span class='ocrx_word' id='word_1_35' title='bbox 536 538 813 614; x_wconf 87' lang='lat' dir='ltr'>Idemque</span> <span class='ocrx_word' id='word_1_36' title='bbox 842 538 1015 594; x_wconf 89' lang='lat' dir='ltr'>etiam</span> <span class='ocrx_word' id='word_1_37' title='bbox 1039 537 1511 615; x_wconf 86' lang='lat' dir='ltr'>legis-perpetuae</span> <span class='ocrx_word' id='word_1_38' title='bbox 1534 547 1591 596; x_wconf 91' lang='lat' dir='ltr'>et</span> <span class='ocrx_word' id='word_1_39' title='bbox 1613 546 1873 597; x_wconf 85' lang='lat' dir='ltr'>aeternae</span> 
     </span>
     <span class='ocr_line' id='line_1_7' title="bbox 193 618 1870 693; baseline 0.001 -19"><span class='ocrx_word' id='word_1_40' title='bbox 193 620 328 689; x_wconf 89' lang='lat' dir='ltr'>vim,</span> <span class='ocrx_word' id='word_1_41' title='bbox 355 637 498 693; x_wconf 87' lang='lat' dir='ltr'>quae</span> <span class='ocrx_word' id='word_1_42' title='bbox 529 618 689 692; x_wconf 84' lang='lat' dir='ltr'>quasi</span> <span class='ocrx_word' id='word_1_43' title='bbox 719 618 835 674; x_wconf 87' lang='lat' dir='ltr'>dux</span> <span class='ocrx_word' id='word_1_44' title='bbox 864 618 1014 674; x_wconf 90' lang='lat' dir='ltr'>vitae</span> <span class='ocrx_word' id='word_1_45' title='bbox 1042 626 1100 675; x_wconf 90' lang='lat' dir='ltr'>et</span> <span class='ocrx_word' id='word_1_46' title='bbox 1128 619 1403 692; x_wconf 87' lang='lat' dir='ltr'>magistra</span> <span class='ocrx_word' id='word_1_47' title='bbox 1431 618 1747 675; x_wconf 90' lang='lat' dir='ltr'>officiorum</span> <span class='ocrx_word' id='word_1_48' title='bbox 1780 620 1870 690; x_wconf 89' lang='lat' dir='ltr'>sit,</span> 
     </span>
     <span class='ocr_line' id='line_1_8' title="bbox 195 698 1873 774; baseline -0.002 -15"><span class='ocrx_word' id='word_1_49' title='bbox 195 702 391 759; x_wconf 89' lang='lat' dir='ltr'>Iovem</span> <span class='ocrx_word' id='word_1_50' title='bbox 439 702 581 759; x_wconf 90' lang='lat' dir='ltr'>dicit</span> <span class='ocrx_word' id='word_1_51' title='bbox 626 720 746 759; x_wconf 91' lang='lat' dir='ltr'>esse</span> <span class='ocrx_word' id='word_1_52' title='bbox 791 699 1144 774; x_wconf 85' lang='lat' dir='ltr'>eandemque</span> <span class='ocrx_word' id='word_1_53' title='bbox 1193 698 1429 755; x_wconf 87' lang='lat' dir='ltr'>fatalem</span> <span class='ocrx_word' id='word_1_54' title='bbox 1476 699 1873 756; x_wconf 86' lang='lat' dir='ltr'>necessitatem</span> 
     </span>
     <span class='ocr_line' id='line_1_9' title="bbox 194 776 1870 852; baseline 0.001 -19"><span class='ocrx_word' id='word_1_55' title='bbox 194 776 460 852; x_wconf 87' lang='lat' dir='ltr'>appellat,</span> <span class='ocrx_word' id='word_1_56' title='bbox 494 777 902 852; x_wconf 82' lang='lat' dir='ltr'>sempiternam</span> <span class='ocrx_word' id='word_1_57' title='bbox 950 796 1139 834; x_wconf 89' lang='lat' dir='ltr'>rerum</span> <span class='ocrx_word' id='word_1_58' title='bbox 1185 778 1509 835; x_wconf 86' lang='lat' dir='ltr'>futurarum</span> <span class='ocrx_word' id='word_1_59' title='bbox 1554 779 1870 848; x_wconf 86' lang='lat' dir='ltr'>veritatem,</span> 
     </span>
     <span class='ocr_line' id='line_1_10' title="bbox 197 855 1873 932; baseline 0.002 -21"><span class='ocrx_word' id='word_1_60' title='bbox 197 875 439 932; x_wconf 90' lang='lat' dir='ltr'>quorum</span> <span class='ocrx_word' id='word_1_61' title='bbox 475 855 619 912; x_wconf 89' lang='lat' dir='ltr'>nihil</span> <span class='ocrx_word' id='word_1_62' title='bbox 653 856 765 913; x_wconf 90' lang='lat' dir='ltr'>tale</span> <span class='ocrx_word' id='word_1_63' title='bbox 800 864 901 926; x_wconf 90' lang='lat' dir='ltr'>est,</span> <span class='ocrx_word' id='word_1_64' title='bbox 934 864 1000 913; x_wconf 89' lang='lat' dir='ltr'>ut</span> <span class='ocrx_word' id='word_1_65' title='bbox 1032 857 1092 913; x_wconf 90' lang='lat' dir='ltr'>in</span> <span class='ocrx_word' id='word_1_66' title='bbox 1129 877 1196 914; x_wconf 91' lang='lat' dir='ltr'>eo</span> <span class='ocrx_word' id='word_1_67' title='bbox 1229 857 1316 913; x_wconf 90' lang='lat' dir='ltr'>vis</span> <span class='ocrx_word' id='word_1_68' title='bbox 1349 858 1545 914; x_wconf 90' lang='lat' dir='ltr'>divina</span> <span class='ocrx_word' id='word_1_69' title='bbox 1576 859 1761 916; x_wconf 89' lang='lat' dir='ltr'>inesse</span> <span class='ocrx_word' id='word_1_70' title='bbox 1793 859 1873 915; x_wconf 87' lang='lat' dir='ltr'>vi-</span> 
     </span>
     <span class='ocr_line' id='line_1_11' title="bbox 197 935 1874 1013; baseline 0.002 -21"><span class='ocrx_word' id='word_1_71' title='bbox 197 935 412 993; x_wconf 89' lang='lat' dir='ltr'>deatur.</span> <span class='ocrx_word' id='word_1_72' title='bbox 498 941 592 993; x_wconf 90' lang='lat'>41.</span> <span class='ocrx_word' id='word_1_73' title='bbox 629 936 707 993; x_wconf 90' lang='lat' dir='ltr'>Et</span> <span class='ocrx_word' id='word_1_74' title='bbox 738 936 878 993; x_wconf 88' lang='lat' dir='ltr'>haec</span> <span class='ocrx_word' id='word_1_75' title='bbox 913 936 1147 1012; x_wconf 89' lang='lat' dir='ltr'>quidem</span> <span class='ocrx_word' id='word_1_76' title='bbox 1181 937 1240 993; x_wconf 90' lang='lat' dir='ltr'>in</span> <span class='ocrx_word' id='word_1_77' title='bbox 1277 938 1464 1013; x_wconf 88' lang='lat' dir='ltr'>primo</span> <span class='ocrx_word' id='word_1_78' title='bbox 1500 938 1644 995; x_wconf 90' lang='lat' dir='ltr'>libro</span> <span class='ocrx_word' id='word_1_79' title='bbox 1675 938 1747 995; x_wconf 91' lang='lat' dir='ltr'>de</span> <span class='ocrx_word' id='word_1_80' title='bbox 1780 957 1874 994; x_wconf 83' lang='lat' dir='ltr'>na·</span> 
     </span>
     <span class='ocr_line' id='line_1_12' title="bbox 194 1016 1870 1094; baseline 0.001 -22"><span class='ocrx_word' id='word_1_81' title='bbox 194 1023 324 1072; x_wconf 86' lang='lat' dir='ltr'>tura</span> <span class='ocrx_word' id='word_1_82' title='bbox 350 1016 606 1086; x_wconf 90' lang='lat' dir='ltr'>deorum,</span> <span class='ocrx_word' id='word_1_83' title='bbox 632 1016 689 1072; x_wconf 90' lang='lat' dir='ltr'>in</span> <span class='ocrx_word' id='word_1_84' title='bbox 723 1017 973 1073; x_wconf 88' lang='lat' dir='ltr'>secundo</span> <span class='ocrx_word' id='word_1_85' title='bbox 1002 1024 1194 1074; x_wconf 87' lang='lat' dir='ltr'>autem</span> <span class='ocrx_word' id='word_1_86' title='bbox 1224 1017 1346 1073; x_wconf 85' lang='lat' dir='ltr'>vult</span> <span class='ocrx_word' id='word_1_87' title='bbox 1375 1017 1608 1094; x_wconf 85' lang='lat' dir='ltr'>Orphei,</span> <span class='ocrx_word' id='word_1_88' title='bbox 1635 1017 1870 1089; x_wconf 85' lang='lat' dir='ltr'>Musaei,</span> 
     </span>
     <span class='ocr_line' id='line_1_13' title="bbox 195 1095 1870 1173; baseline 0.002 -21"><span class='ocrx_word' id='word_1_89' title='bbox 195 1095 439 1152; x_wconf 89' lang='lat' dir='ltr'>Hesiodi</span> <span class='ocrx_word' id='word_1_90' title='bbox 490 1095 848 1173; x_wconf 85' lang='lat' dir='ltr'>Homerique</span> <span class='ocrx_word' id='word_1_91' title='bbox 895 1095 1135 1154; x_wconf 84' lang='lat' dir='ltr'>fabellas</span> <span class='ocrx_word' id='word_1_92' title='bbox 1185 1098 1616 1154; x_wconf 80' lang='lat' dir='ltr'>accommodare</span> <span class='ocrx_word' id='word_1_93' title='bbox 1665 1098 1740 1154; x_wconf 88' lang='lat' dir='ltr'>ad</span> <span class='ocrx_word' id='word_1_94' title='bbox 1788 1118 1870 1171; x_wconf 84' lang='lat' dir='ltr'>ea,</span> 
     </span>
     <span class='ocr_line' id='line_1_14' title="bbox 197 1175 1870 1253; baseline 0.002 -22"><span class='ocrx_word' id='word_1_95' title='bbox 197 1194 340 1251; x_wconf 90' lang='lat' dir='ltr'>quae</span> <span class='ocrx_word' id='word_1_96' title='bbox 381 1176 504 1253; x_wconf 92' lang='lat' dir='ltr'>ipse</span> <span class='ocrx_word' id='word_1_97' title='bbox 543 1177 732 1252; x_wconf 92' lang='lat' dir='ltr'>primo</span> <span class='ocrx_word' id='word_1_98' title='bbox 776 1175 920 1233; x_wconf 90' lang='lat' dir='ltr'>libro</span> <span class='ocrx_word' id='word_1_99' title='bbox 955 1177 1027 1233; x_wconf 90' lang='lat' dir='ltr'>de</span> <span class='ocrx_word' id='word_1_100' title='bbox 1062 1177 1151 1233; x_wconf 90' lang='lat' dir='ltr'>dis</span> <span class='ocrx_word' id='word_1_101' title='bbox 1192 1177 1613 1234; x_wconf 82' lang='lat' dir='ltr'>immortalibus</span> <span class='ocrx_word' id='word_1_102' title='bbox 1646 1178 1870 1248; x_wconf 81' lang='lat' dir='ltr'>dixerit,</span> 
     </span>
     <span class='ocr_line' id='line_1_15' title="bbox 194 1256 1875 1335; baseline 0.001 -23"><span class='ocrx_word' id='word_1_103' title='bbox 194 1263 262 1312; x_wconf 91' lang='lat' dir='ltr'>ut</span> <span class='ocrx_word' id='word_1_104' title='bbox 289 1256 461 1313; x_wconf 84' lang='lat' dir='ltr'>etiam</span> <span class='ocrx_word' id='word_1_105' title='bbox 484 1256 772 1312; x_wconf 84' lang='lat' dir='ltr'>veterrimi</span> <span class='ocrx_word' id='word_1_106' title='bbox 800 1263 1027 1332; x_wconf 76' lang='lat' dir='ltr'>poetae,</span> <span class='ocrx_word' id='word_1_107' title='bbox 1054 1257 1152 1333; x_wconf 89' lang='lat' dir='ltr'>qui</span> <span class='ocrx_word' id='word_1_108' title='bbox 1181 1257 1321 1314; x_wconf 88' lang='lat' dir='ltr'>haec</span> <span class='ocrx_word' id='word_1_109' title='bbox 1350 1277 1422 1314; x_wconf 90' lang='lat' dir='ltr'>ne</span> <span class='ocrx_word' id='word_1_110' title='bbox 1452 1257 1723 1334; x_wconf 86' lang='lat' dir='ltr'>suspicati</span> <span class='ocrx_word' id='word_1_111' title='bbox 1754 1259 1875 1335; x_wconf 90' lang='lat' dir='ltr'>qui-</span> 
     </span>
     <span class='ocr_line' id='line_1_16' title="bbox 195 1334 1874 1412; baseline 0.002 -21"><span class='ocrx_word' id='word_1_112' title='bbox 195 1335 328 1392; x_wconf 91' lang='lat' dir='ltr'>dem</span> <span class='ocrx_word' id='word_1_113' title='bbox 362 1342 510 1407; x_wconf 89' lang='lat' dir='ltr'>sunt,</span> <span class='ocrx_word' id='word_1_114' title='bbox 544 1335 724 1393; x_wconf 87' lang='lat' dir='ltr'>Stoici</span> <span class='ocrx_word' id='word_1_115' title='bbox 757 1334 937 1394; x_wconf 86' lang='lat' dir='ltr'>fuisse</span> <span class='ocrx_word' id='word_1_116' title='bbox 966 1336 1279 1394; x_wconf 88' lang='lat' dir='ltr'>videantur.</span> <span class='ocrx_word' id='word_1_117' title='bbox 1367 1336 1550 1405; x_wconf 80' lang='lat' dir='ltr'>Quem</span> <span class='ocrx_word' id='word_1_118' title='bbox 1580 1338 1874 1412; x_wconf 75' lang='lat' dir='ltr'>Diogenes</span> 
     </span>
     <span class='ocr_line' id='line_1_17' title="bbox 193 1414 1875 1494; baseline 0.001 -22"><span class='ocrx_word' id='word_1_119' title='bbox 193 1414 553 1492; x_wconf 85' lang='lat' dir='ltr'>Babylonius</span> <span class='ocrx_word' id='word_1_120' title='bbox 597 1434 950 1493; x_wconf 91' lang='lat' dir='ltr'>consequens</span> <span class='ocrx_word' id='word_1_121' title='bbox 994 1417 1054 1473; x_wconf 90' lang='lat' dir='ltr'>in</span> <span class='ocrx_word' id='word_1_122' title='bbox 1098 1436 1167 1473; x_wconf 95' lang='lat' dir='ltr'>eo</span> <span class='ocrx_word' id='word_1_123' title='bbox 1210 1417 1372 1487; x_wconf 90' lang='lat' dir='ltr'>libro,</span> <span class='ocrx_word' id='word_1_124' title='bbox 1406 1418 1505 1494; x_wconf 88' lang='lat' dir='ltr'>qui</span> <span class='ocrx_word' id='word_1_125' title='bbox 1545 1418 1875 1475; x_wconf 83' lang='lat' dir='ltr'>inscribitur</span> 
     </span>
     <span class='ocr_line' id='line_1_18' title="bbox 196 1495 1875 1575; baseline 0.001 -23"><span class='ocrx_word' id='word_1_126' title='bbox 196 1496 267 1552; x_wconf 89' lang='lat' dir='ltr'>de</span> <span class='ocrx_word' id='word_1_127' title='bbox 297 1496 566 1566; x_wconf 86' lang='lat' dir='ltr'>Minerva,</span> <span class='ocrx_word' id='word_1_128' title='bbox 587 1505 817 1573; x_wconf 88' lang='lat' dir='ltr'>parturn</span> <span class='ocrx_word' id='word_1_129' title='bbox 848 1495 1002 1553; x_wconf 89' lang='lat' dir='ltr'>Iovis</span> <span class='ocrx_word' id='word_1_130' title='bbox 1036 1503 1341 1573; x_wconf 89' lang='lat' dir='ltr'>ortumque</span> <span class='ocrx_word' id='word_1_131' title='bbox 1363 1498 1603 1574; x_wconf 90' lang='lat' dir='ltr'>virginis</span> <span class='ocrx_word' id='word_1_132' title='bbox 1630 1498 1703 1554; x_wconf 90' lang='lat' dir='ltr'>ad</span> <span class='ocrx_word' id='word_1_133' title='bbox 1730 1497 1875 1575; x_wconf 88' lang='lat' dir='ltr'>phy-</span> 
     </span>
     <span class='ocr_line' id='line_1_19' title="bbox 196 1576 1404 1652; baseline 0.001 -20"><span class='ocrx_word' id='word_1_134' title='bbox 196 1576 490 1651; x_wconf 86' lang='lat' dir='ltr'>siologiam</span> <span class='ocrx_word' id='word_1_135' title='bbox 523 1576 826 1633; x_wconf 82' lang='lat' dir='ltr'>traducens</span> <span class='ocrx_word' id='word_1_136' title='bbox 854 1577 1107 1652; x_wconf 85' lang='lat' dir='ltr'>diiungit</span> <span class='ocrx_word' id='word_1_137' title='bbox 1134 1597 1167 1633; x_wconf 86' lang='lat' dir='ltr'>a</span> <span class='ocrx_word' id='word_1_138' title='bbox 1194 1577 1404 1634; x_wconf 85' lang='lat' dir='ltr'>fabula.</span> 
     </span>
    </p>

    <p class='ocr_par' dir='ltr' id='par_1_3' title="bbox 195 1656 1879 3254">
     <span class='ocr_line' id='line_1_20' title="bbox 277 1656 1875 1734; baseline 0.001 -22"><span class='ocrx_word' id='word_1_139' title='bbox 277 1656 439 1715; x_wconf 90' lang='lat' dir='ltr'><strong>XVI.</strong></span> <span class='ocrx_word' id='word_1_140' title='bbox 526 1661 618 1713; x_wconf 79' lang='lat'>42.</span> <span class='ocrx_word' id='word_1_141' title='bbox 658 1657 914 1733; x_wconf 86' lang='lat' dir='ltr'>Exposui</span> <span class='ocrx_word' id='word_1_142' title='bbox 935 1658 1055 1713; x_wconf 90' lang='lat' dir='ltr'>fere</span> <span class='ocrx_word' id='word_1_143' title='bbox 1084 1676 1200 1712; x_wconf 89' lang='lat' dir='ltr'>non</span> <span class='ocrx_word' id='word_1_144' title='bbox 1224 1656 1700 1734; x_wconf 86' lang='lat' dir='ltr'>philosophorum</span> <span class='ocrx_word' id='word_1_145' title='bbox 1730 1657 1875 1714; x_wconf 91' lang='lat' dir='ltr'>iudi·</span> 
     </span>
     <span class='ocr_line' id='line_1_21' title="bbox 195 1736 1875 1809; baseline 0.001 -15"><span class='ocrx_word' id='word_1_146' title='bbox 195 1737 298 1809; x_wconf 88' lang='lat' dir='ltr'>cia,</span> <span class='ocrx_word' id='word_1_147' title='bbox 330 1737 429 1794; x_wconf 89' lang='lat' dir='ltr'>sed</span> <span class='ocrx_word' id='word_1_148' title='bbox 468 1736 832 1794; x_wconf 86' lang='lat' dir='ltr'>delirantium</span> <span class='ocrx_word' id='word_1_149' title='bbox 876 1737 1115 1794; x_wconf 88' lang='lat' dir='ltr'>somnia.</span> <span class='ocrx_word' id='word_1_150' title='bbox 1202 1737 1323 1794; x_wconf 92' lang='lat' dir='ltr'>Nec</span> <span class='ocrx_word' id='word_1_151' title='bbox 1358 1739 1510 1795; x_wconf 87' lang='lat' dir='ltr'>enim</span> <span class='ocrx_word' id='word_1_152' title='bbox 1555 1738 1738 1796; x_wconf 92' lang='lat' dir='ltr'>multo</span> <span class='ocrx_word' id='word_1_153' title='bbox 1781 1739 1875 1795; x_wconf 88' lang='lat' dir='ltr'>ab·</span> 
     </span>
     <span class='ocr_line' id='line_1_22' title="bbox 197 1818 1875 1896; baseline 0.001 -22"><span class='ocrx_word' id='word_1_154' title='bbox 197 1818 453 1874; x_wconf 88' lang='lat' dir='ltr'>surdiora</span> <span class='ocrx_word' id='word_1_155' title='bbox 494 1824 629 1873; x_wconf 89' lang='lat' dir='ltr'>sunt</span> <span class='ocrx_word' id='word_1_156' title='bbox 671 1836 752 1887; x_wconf 86' lang='lat' dir='ltr'>ea,</span> <span class='ocrx_word' id='word_1_157' title='bbox 786 1836 929 1893; x_wconf 91' lang='lat' dir='ltr'>quae</span> <span class='ocrx_word' id='word_1_158' title='bbox 962 1824 1266 1893; x_wconf 76' lang='lat' dir='ltr'>poetarum</span> <span class='ocrx_word' id='word_1_159' title='bbox 1303 1818 1538 1875; x_wconf 86' lang='lat' dir='ltr'>vocibus</span> <span class='ocrx_word' id='word_1_160' title='bbox 1580 1819 1710 1875; x_wconf 88' lang='lat' dir='ltr'>fusa</span> <span class='ocrx_word' id='word_1_161' title='bbox 1750 1819 1875 1896; x_wconf 91' lang='lat' dir='ltr'>ipsa</span> 
     </span>
     <span class='ocr_line' id='line_1_23' title="bbox 196 1897 1876 1973; baseline 0.002 -21"><span class='ocrx_word' id='word_1_162' title='bbox 196 1898 473 1955; x_wconf 86' lang='lat' dir='ltr'>suavitate</span> <span class='ocrx_word' id='word_1_163' title='bbox 514 1905 849 1967; x_wconf 88' lang='lat' dir='ltr'>nocuerunt,</span> <span class='ocrx_word' id='word_1_164' title='bbox 884 1898 980 1973; x_wconf 92' lang='lat' dir='ltr'>qui</span> <span class='ocrx_word' id='word_1_165' title='bbox 1025 1906 1082 1953; x_wconf 92' lang='lat' dir='ltr'>et</span> <span class='ocrx_word' id='word_1_166' title='bbox 1121 1897 1206 1953; x_wconf 90' lang='lat' dir='ltr'>ira</span> <span class='ocrx_word' id='word_1_167' title='bbox 1237 1897 1623 1955; x_wconf 90' lang='lat' dir='ltr'>inflammatos</span> <span class='ocrx_word' id='word_1_168' title='bbox 1660 1906 1718 1956; x_wconf 92' lang='lat' dir='ltr'>et</span> <span class='ocrx_word' id='word_1_169' title='bbox 1751 1899 1876 1955; x_wconf 91' lang='lat' dir='ltr'>libi-</span> 
     </span>
     <span class='ocr_line' id='line_1_24' title="bbox 196 1976 1872 2054; baseline 0 -20"><span class='ocrx_word' id='word_1_170' title='bbox 196 1978 329 2035; x_wconf 89' lang='lat' dir='ltr'>dine</span> <span class='ocrx_word' id='word_1_171' title='bbox 352 1978 607 2034; x_wconf 90' lang='lat' dir='ltr'>furentes</span> <span class='ocrx_word' id='word_1_172' title='bbox 634 1976 984 2035; x_wconf 86' lang='lat' dir='ltr'>induxerunt</span> <span class='ocrx_word' id='word_1_173' title='bbox 1013 1977 1168 2048; x_wconf 77' lang='lat' dir='ltr'>deOS,</span> <span class='ocrx_word' id='word_1_174' title='bbox 1192 1978 1565 2054; x_wconf 86' lang='lat' dir='ltr'>feceruntque</span> <span class='ocrx_word' id='word_1_175' title='bbox 1588 1986 1653 2036; x_wconf 90' lang='lat' dir='ltr'>ut</span> <span class='ocrx_word' id='word_1_176' title='bbox 1676 1998 1872 2036; x_wconf 90' lang='lat' dir='ltr'>eorum</span> 
     </span>
     <span class='ocr_line' id='line_1_25' title="bbox 195 2057 1876 2135; baseline 0.001 -20"><span class='ocrx_word' id='word_1_177' title='bbox 195 2057 358 2128; x_wconf 88' lang='lat' dir='ltr'>bella,</span> <span class='ocrx_word' id='word_1_178' title='bbox 391 2057 623 2134; x_wconf 87' lang='lat' dir='ltr'>proelia,</span> <span class='ocrx_word' id='word_1_179' title='bbox 656 2076 895 2134; x_wconf 83' lang='lat' dir='ltr'>pugnaS,</span> <span class='ocrx_word' id='word_1_180' title='bbox 920 2057 1156 2115; x_wconf 87' lang='lat' dir='ltr'>vulnera</span> <span class='ocrx_word' id='word_1_181' title='bbox 1182 2058 1520 2129; x_wconf 83' lang='lat' dir='ltr'>videremuS,</span> <span class='ocrx_word' id='word_1_182' title='bbox 1553 2059 1687 2115; x_wconf 89' lang='lat' dir='ltr'>odia</span> <span class='ocrx_word' id='word_1_183' title='bbox 1719 2079 1876 2135; x_wconf 89' lang='lat' dir='ltr'>prae-</span> 
     </span>
     <span class='ocr_line' id='line_1_26' title="bbox 197 2137 1871 2215; baseline -0.001 -20"><span class='ocrx_word' id='word_1_184' title='bbox 197 2145 365 2208; x_wconf 89' lang='lat' dir='ltr'>terea,</span> <span class='ocrx_word' id='word_1_185' title='bbox 403 2137 660 2208; x_wconf 88' lang='lat' dir='ltr'>discidia,</span> <span class='ocrx_word' id='word_1_186' title='bbox 698 2137 1027 2209; x_wconf 82' lang='lat' dir='ltr'>discordiaS,</span> <span class='ocrx_word' id='word_1_187' title='bbox 1066 2145 1242 2209; x_wconf 77' lang='lat' dir='ltr'>ortuS,</span> <span class='ocrx_word' id='word_1_188' title='bbox 1279 2138 1561 2209; x_wconf 81' lang='lat' dir='ltr'>interituS,</span> <span class='ocrx_word' id='word_1_189' title='bbox 1601 2138 1871 2215; x_wconf 58' lang='lat' dir='ltr'>querelem,</span> 
     </span>
     <span class='ocr_line' id='line_1_27' title="bbox 198 2217 1876 2295; baseline 0.001 -21"><span class='ocrx_word' id='word_1_190' title='bbox 198 2218 647 2288; x_wconf 79' lang='lat' dir='ltr'>lamentationeS,</span> <span class='ocrx_word' id='word_1_191' title='bbox 685 2217 892 2275; x_wconf 86' lang='lat' dir='ltr'>effusas</span> <span class='ocrx_word' id='word_1_192' title='bbox 942 2218 1003 2274; x_wconf 91' lang='lat' dir='ltr'>in</span> <span class='ocrx_word' id='word_1_193' title='bbox 1053 2218 1214 2275; x_wconf 90' lang='lat' dir='ltr'>omni</span> <span class='ocrx_word' id='word_1_194' title='bbox 1262 2218 1704 2295; x_wconf 84' lang='lat' dir='ltr'>intemperantia</span> <span class='ocrx_word' id='word_1_195' title='bbox 1753 2218 1876 2276; x_wconf 88' lang='lat' dir='ltr'>libi-</span> 
     </span>
     <span class='ocr_line' id='line_1_28' title="bbox 198 2297 1876 2375; baseline -0.001 -20"><span class='ocrx_word' id='word_1_196' title='bbox 198 2299 376 2369; x_wconf 85' lang='lat' dir='ltr'>dineS,</span> <span class='ocrx_word' id='word_1_197' title='bbox 413 2298 706 2368; x_wconf 88' lang='lat' dir='ltr'>adulteria,</span> <span class='ocrx_word' id='word_1_198' title='bbox 738 2297 980 2369; x_wconf 88' lang='lat' dir='ltr'>vincula,</span> <span class='ocrx_word' id='word_1_199' title='bbox 1018 2317 1150 2355; x_wconf 89' lang='lat' dir='ltr'>cum</span> <span class='ocrx_word' id='word_1_200' title='bbox 1193 2297 1447 2355; x_wconf 89' lang='lat' dir='ltr'>humano</span> <span class='ocrx_word' id='word_1_201' title='bbox 1489 2318 1700 2375; x_wconf 85' lang='lat' dir='ltr'>genere</span> <span class='ocrx_word' id='word_1_202' title='bbox 1742 2318 1876 2356; x_wconf 89' lang='lat' dir='ltr'>con-</span> 
     </span>
     <span class='ocr_line' id='line_1_29' title="bbox 197 2377 1871 2455; baseline 0 -20"><span class='ocrx_word' id='word_1_203' title='bbox 197 2378 425 2435; x_wconf 88' lang='lat' dir='ltr'>cubitus</span> <span class='ocrx_word' id='word_1_204' title='bbox 467 2378 845 2455; x_wconf 88' lang='lat' dir='ltr'>mortalesque</span> <span class='ocrx_word' id='word_1_205' title='bbox 887 2398 956 2436; x_wconf 86' lang='lat' dir='ltr'>ex</span> <span class='ocrx_word' id='word_1_206' title='bbox 998 2377 1312 2436; x_wconf 88' lang='lat' dir='ltr'>immortali</span> <span class='ocrx_word' id='word_1_207' title='bbox 1350 2388 1691 2455; x_wconf 79' lang='lat' dir='ltr'>procreatos,</span> <span class='ocrx_word' id='word_1_208' title='bbox 1777 2384 1871 2435; x_wconf 86' lang='lat'>43.</span> 
     </span>
     <span class='ocr_line' id='line_1_30' title="bbox 198 2459 1877 2536; baseline 0.001 -23"><span class='ocrx_word' id='word_1_209' title='bbox 198 2459 348 2514; x_wconf 80' lang='lat' dir='ltr'>Cum</span> <span class='ocrx_word' id='word_1_210' title='bbox 389 2465 693 2535; x_wconf 73' lang='lat' dir='ltr'>poetarum</span> <span class='ocrx_word' id='word_1_211' title='bbox 735 2465 929 2536; x_wconf 51' lang='lat' dir='ltr'>autem¹</span> <span class='ocrx_word' id='word_1_212' title='bbox 970 2478 1156 2516; x_wconf 89' lang='lat' dir='ltr'>errore</span> <span class='ocrx_word' id='word_1_213' title='bbox 1198 2459 1542 2535; x_wconf 87' lang='lat' dir='ltr'>coniungere</span> <span class='ocrx_word' id='word_1_214' title='bbox 1581 2460 1715 2516; x_wconf 90' lang='lat' dir='ltr'>licet</span> <span class='ocrx_word' id='word_1_215' title='bbox 1747 2478 1877 2534; x_wconf 93' lang='lat' dir='ltr'>por-</span> 
     </span>
     <span class='ocr_line' id='line_1_31' title="bbox 197 2538 1876 2615; baseline 0 -20"><span class='ocrx_word' id='word_1_216' title='bbox 197 2546 359 2595; x_wconf 87' lang='lat' dir='ltr'>tenta</span> <span class='ocrx_word' id='word_1_217' title='bbox 398 2558 697 2615; x_wconf 83' lang='lat' dir='ltr'>magorum</span> <span class='ocrx_word' id='word_1_218' title='bbox 740 2538 1280 2615; x_wconf 82' lang='lat' dir='ltr'>Aegyptiorumque</span> <span class='ocrx_word' id='word_1_219' title='bbox 1321 2539 1383 2595; x_wconf 89' lang='lat' dir='ltr'>in</span> <span class='ocrx_word' id='word_1_220' title='bbox 1425 2539 1628 2596; x_wconf 89' lang='lat' dir='ltr'>eodem</span> <span class='ocrx_word' id='word_1_221' title='bbox 1668 2558 1876 2615; x_wconf 85' lang='lat' dir='ltr'>genere</span> 
     </span>
     <span class='ocr_line' id='line_1_32' title="bbox 198 2618 1878 2695; baseline 0 -20"><span class='ocrx_word' id='word_1_222' title='bbox 198 2619 566 2690; x_wconf 87' lang='lat' dir='ltr'>dementiam,</span> <span class='ocrx_word' id='word_1_223' title='bbox 586 2627 712 2677; x_wconf 91' lang='lat' dir='ltr'>tum</span> <span class='ocrx_word' id='word_1_224' title='bbox 735 2620 903 2676; x_wconf 86' lang='lat' dir='ltr'>etiam</span> <span class='ocrx_word' id='word_1_225' title='bbox 932 2618 1088 2695; x_wconf 90' lang='lat' dir='ltr'>vulgi</span> <span class='ocrx_word' id='word_1_226' title='bbox 1112 2619 1428 2695; x_wconf 83' lang='lat' dir='ltr'>opinioneS,</span> <span class='ocrx_word' id='word_1_227' title='bbox 1452 2638 1595 2695; x_wconf 86' lang='lat' dir='ltr'>quae</span> <span class='ocrx_word' id='word_1_228' title='bbox 1618 2619 1676 2675; x_wconf 89' lang='lat' dir='ltr'>in</span> <span class='ocrx_word' id='word_1_229' title='bbox 1700 2619 1878 2675; x_wconf 86' lang='lat' dir='ltr'>maxi-</span> 
     </span>
     <span class='ocr_line' id='line_1_33' title="bbox 198 2698 1879 2775; baseline 0 -20"><span class='ocrx_word' id='word_1_230' title='bbox 198 2718 294 2755; x_wconf 88' lang='lat' dir='ltr'>ma</span> <span class='ocrx_word' id='word_1_231' title='bbox 320 2699 706 2757; x_wconf 86' lang='lat' dir='ltr'>inconstantia</span> <span class='ocrx_word' id='word_1_232' title='bbox 734 2700 988 2756; x_wconf 81' lang='lat' dir='ltr'>veritatis</span> <span class='ocrx_word' id='word_1_233' title='bbox 1008 2699 1369 2775; x_wconf 88' lang='lat' dir='ltr'>ignoratione</span> <span class='ocrx_word' id='word_1_234' title='bbox 1398 2706 1707 2756; x_wconf 85' lang='lat' dir='ltr'>versantur.</span> <span class='ocrx_word' id='word_1_235' title='bbox 1792 2698 1879 2755; x_wconf 87' lang='lat' dir='ltr'>Ea</span> 
     </span>
     <span class='ocr_line' id='line_1_34' title="bbox 200 2778 1874 2855; baseline 0 -20"><span class='ocrx_word' id='word_1_236' title='bbox 200 2779 300 2855; x_wconf 90' lang='lat' dir='ltr'>qui</span> <span class='ocrx_word' id='word_1_237' title='bbox 333 2779 654 2836; x_wconf 89' lang='lat' dir='ltr'>consideret</span> <span class='ocrx_word' id='word_1_238' title='bbox 688 2798 860 2855; x_wconf 89' lang='lat' dir='ltr'>quam</span> <span class='ocrx_word' id='word_1_239' title='bbox 892 2778 1214 2836; x_wconf 89' lang='lat' dir='ltr'>inconsulte</span> <span class='ocrx_word' id='word_1_240' title='bbox 1248 2799 1312 2836; x_wconf 89' lang='lat' dir='ltr'>ac</span> <span class='ocrx_word' id='word_1_241' title='bbox 1345 2786 1560 2836; x_wconf 89' lang='lat' dir='ltr'>temere</span> <span class='ocrx_word' id='word_1_242' title='bbox 1594 2779 1874 2849; x_wconf 88' lang='lat' dir='ltr'>dicantur,</span> 
     </span>
     <span class='ocr_line' id='line_1_35' title="bbox 199 2859 1877 2935; baseline 0 -20"><span class='ocrx_word' id='word_1_243' title='bbox 199 2859 453 2916; x_wconf 86' lang='lat' dir='ltr'>venerari</span> <span class='ocrx_word' id='word_1_244' title='bbox 481 2859 795 2935; x_wconf 89' lang='lat' dir='ltr'>Epicurum</span> <span class='ocrx_word' id='word_1_245' title='bbox 829 2865 888 2916; x_wconf 90' lang='lat' dir='ltr'>et</span> <span class='ocrx_word' id='word_1_246' title='bbox 920 2860 980 2915; x_wconf 91' lang='lat' dir='ltr'>in</span> <span class='ocrx_word' id='word_1_247' title='bbox 1010 2878 1206 2915; x_wconf 89' lang='lat' dir='ltr'>eorum</span> <span class='ocrx_word' id='word_1_248' title='bbox 1237 2860 1494 2934; x_wconf 88' lang='lat' dir='ltr'>ipsorum</span> <span class='ocrx_word' id='word_1_249' title='bbox 1523 2878 1779 2929; x_wconf 83' lang='lat' dir='ltr'>numerO,</span> <span class='ocrx_word' id='word_1_250' title='bbox 1805 2859 1877 2915; x_wconf 90' lang='lat' dir='ltr'>de</span> 
     </span>
     <span class='ocr_line' id='line_1_36' title="bbox 202 2938 1876 3016; baseline -0.001 -20"><span class='ocrx_word' id='word_1_251' title='bbox 202 2938 410 3016; x_wconf 91' lang='lat' dir='ltr'>quibus</span> <span class='ocrx_word' id='word_1_252' title='bbox 431 2938 569 2996; x_wconf 90' lang='lat' dir='ltr'>haec</span> <span class='ocrx_word' id='word_1_253' title='bbox 594 2938 850 3015; x_wconf 89' lang='lat' dir='ltr'>quaestio</span> <span class='ocrx_word' id='word_1_254' title='bbox 874 2946 975 3010; x_wconf 91' lang='lat' dir='ltr'>est,</span> <span class='ocrx_word' id='word_1_255' title='bbox 996 2938 1205 2995; x_wconf 87' lang='lat' dir='ltr'>habere</span> <span class='ocrx_word' id='word_1_256' title='bbox 1228 2939 1446 2997; x_wconf 89' lang='lat' dir='ltr'>debeat.</span> <span class='ocrx_word' id='word_1_257' title='bbox 1533 2938 1701 2996; x_wconf 83' lang='lat' dir='ltr'>Solus</span> <span class='ocrx_word' id='word_1_258' title='bbox 1724 2940 1876 2997; x_wconf 88' lang='lat' dir='ltr'>enim</span> 
     </span>
     <span class='ocr_line' id='line_1_37' title="bbox 200 3018 1879 3095; baseline 0 -20"><span class='ocrx_word' id='word_1_259' title='bbox 200 3019 346 3076; x_wconf 87' lang='lat' dir='ltr'>vidit</span> <span class='ocrx_word' id='word_1_260' title='bbox 374 3019 627 3095; x_wconf 89' lang='lat' dir='ltr'>primum</span> <span class='ocrx_word' id='word_1_261' title='bbox 656 3037 775 3076; x_wconf 89' lang='lat' dir='ltr'>esse</span> <span class='ocrx_word' id='word_1_262' title='bbox 804 3018 958 3088; x_wconf 80' lang='lat' dir='ltr'>deOS,</span> <span class='ocrx_word' id='word_1_263' title='bbox 991 3019 1147 3095; x_wconf 89' lang='lat' dir='ltr'>quod</span> <span class='ocrx_word' id='word_1_264' title='bbox 1175 3019 1233 3075; x_wconf 91' lang='lat' dir='ltr'>in</span> <span class='ocrx_word' id='word_1_265' title='bbox 1265 3020 1522 3076; x_wconf 89' lang='lat' dir='ltr'>omnium</span> <span class='ocrx_word' id='word_1_266' title='bbox 1554 3020 1759 3075; x_wconf 90' lang='lat' dir='ltr'>animis</span> <span class='ocrx_word' id='word_1_267' title='bbox 1789 3039 1879 3076; x_wconf 91' lang='lat' dir='ltr'>eo-</span> 
     </span>
     <span class='ocr_line' id='line_1_38' title="bbox 202 3098 1879 3175; baseline 0.001 -21"><span class='ocrx_word' id='word_1_268' title='bbox 202 3119 329 3155; x_wconf 90' lang='lat' dir='ltr'>rum</span> <span class='ocrx_word' id='word_1_269' title='bbox 371 3099 667 3155; x_wconf 91' lang='lat' dir='ltr'>notionem</span> <span class='ocrx_word' id='word_1_270' title='bbox 710 3099 1088 3175; x_wconf 85' lang='lat' dir='ltr'>impressisset</span> <span class='ocrx_word' id='word_1_271' title='bbox 1131 3098 1256 3175; x_wconf 85' lang='lat' dir='ltr'>ipsa</span> <span class='ocrx_word' id='word_1_272' title='bbox 1297 3106 1512 3155; x_wconf 85' lang='lat' dir='ltr'>natura.</span> <span class='ocrx_word' id='word_1_273' title='bbox 1600 3099 1757 3166; x_wconf 82' lang='lat' dir='ltr'>Quae</span> <span class='ocrx_word' id='word_1_274' title='bbox 1793 3107 1879 3155; x_wconf 73' lang='lat' dir='ltr'>est</span> 
     </span>
     <span class='ocr_line' id='line_1_39' title="bbox 203 3178 1878 3254; baseline -0.001 -19"><span class='ocrx_word' id='word_1_275' title='bbox 203 3180 356 3235; x_wconf 88' lang='lat' dir='ltr'>enim</span> <span class='ocrx_word' id='word_1_276' title='bbox 390 3198 530 3253; x_wconf 86' lang='lat' dir='ltr'>gens</span> <span class='ocrx_word' id='word_1_277' title='bbox 563 3185 663 3236; x_wconf 87' lang='lat' dir='ltr'>aut</span> <span class='ocrx_word' id='word_1_278' title='bbox 697 3178 853 3254; x_wconf 90' lang='lat' dir='ltr'>quod</span> <span class='ocrx_word' id='word_1_279' title='bbox 886 3198 1067 3254; x_wconf 89' lang='lat' dir='ltr'>genus</span> <span class='ocrx_word' id='word_1_280' title='bbox 1106 3178 1405 3235; x_wconf 86' lang='lat' dir='ltr'>hominum</span> <span class='ocrx_word' id='word_1_281' title='bbox 1445 3178 1600 3253; x_wconf 87' lang='lat' dir='ltr'>quod</span> <span class='ocrx_word' id='word_1_282' title='bbox 1635 3198 1748 3234; x_wconf 88' lang='lat' dir='ltr'>non</span> <span class='ocrx_word' id='word_1_283' title='bbox 1787 3179 1878 3234; x_wconf 84' lang='lat' dir='ltr'>ha-</span> 
     </span>
    </p>
   </div>
   <div class='ocr_carea' id='block_1_3' title="bbox 97 3293 231 3337">
    <p class='ocr_par' dir='ltr' id='par_1_4' title="bbox 97 3293 231 3337">
     <span class='ocr_line' id='line_1_40' title="bbox 97 3293 231 3337; baseline 0 0"><span class='ocrx_word' id='word_1_284' title='bbox 97 3297 112 3337; x_wconf 93' lang='grc' dir='ltr'>Ι</span> <span class='ocrx_word' id='word_1_285' title='bbox 167 3293 231 3337; x_wconf 53' lang='lat' dir='ltr'>k</span> 
     </span>
    </p>
   </div>
  </div>
 </body>
</html>
