2205 3431
536 161 797 222 LIB.11.,
829 161 985 211 CAP.
1014 161 1363 222 LV1.-L1X.‚
1393 159 1422 220 ς
1454 163 1695 210 116-121.
1865 165 1963 211 239

300 260 305 267 '
358 260 573 319 LVIII.
662 266 794 318 119.
841 260 1058 317 Similis
1099 268 1187 318 est
1228 280 1383 318 error
1415 262 1476 318 in
1511 263 1781 320 somniis:
1828 282 1964 340 quo-

274 360 405 401 rum
436 341 669 417 quidem
699 341 960 398 defensio
989 341 1235 417 repetita
1264 360 1434 418 quam
1464 342 1633 418 longe
1664 343 1780 400 est!
1863 343 1964 400 Di-

279 422 442 477 vinos
475 421 698 477 animos
731 428 963 477 censent
985 439 1105 477 esse
1128 426 1355 477 nostros
1377 441 1587 498 eosque
1611 441 1729 479 esse
1752 430 1963 480 tractos

280 501 626 557 extrinsecus
659 501 1094 576 animorumque
1130 501 1612 558 consentientium
1645 502 1963 559 multitudi-

279 599 350 636 ne
396 579 747 656 completum
790 599 909 637 esse
943 579 1261 637 mundum:
1305 581 1411 637 hac
1446 582 1623 657 igitur
1656 583 1865 639 mentis
1906 590 1964 640 et

279 659 459 735 ipsius
492 659 794 716 divinitate
827 666 886 716 et
918 660 1323 717 coniunctione
1365 680 1495 717 cum
1530 662 1776 719 externis
1808 680 1964 719 men-

279 738 435 795 tibus
480 739 634 796 cerni
670 757 812 815 quae
858 739 974 795 sint
1018 739 1229 796 futura.
1316 740 1594 797 Contrahi
1622 748 1814 798 autem
1849 743 1964 798 ani-

278 837 439 875 mum
469 818 622 875 Zeno
655 826 715 876 et
743 819 904 894 quasi
933 818 1047 875 labi
1075 826 1245 896 putat
1272 825 1443 896 atque
1472 821 1768 878 concidere
1798 827 1856 878 et
1882 822 1963 898 ip-

280 917 407 954 sum
440 917 560 955 esse
594 898 860 956 dormire.
946 897 1070 955 Iam
1106 899 1470 975 Pythagoras
1504 906 1561 957 ct
1595 900 1780 972 Plato,
1812 900 1964 958 locu-

279 977 582 1054 pletissimi
603 984 877 1050 auctoreS‚
904 997 1018 1055 quo
1048 979 1108 1034 in
1139 980 1356 1035 somnis
1383 980 1624 1037 certiora
1650 979 1959 1051 videamuS,

279 1064 644 1134 praeparatos
687 1057 936 1133 quodam
980 1057 1139 1115 cultu
1182 1065 1352 1134 atque
1386 1061 1542 1117 victu
1575 1059 1858 1137 proficisci
1890 1061 1963 1117 ad

279 1137 683 1194 dormiendum
704 1137 938 1195 iubent:
974 1137 1111 1194 faba
1134 1139 1365 1215 quidem
1390 1139 1742 1216 Pythagorei
1762 1141 1963 1216 utique

279 1217 577 1287 abstinere,
605 1218 765 1294 quasi
799 1237 932 1274 vero
967 1237 1035 1274 eo
1071 1217 1202 1274 cibo
1235 1237 1413 1289 menS,
1437 1238 1556 1275 non
1585 1227 1782 1276 venter
1808 1220 1965 1276 infle-

279 1305 387 1354 tur.
473 1296 587 1354 Sed
628 1297 819 1354 nescio
864 1316 978 1374 quo
1019 1297 1199 1354 modo
1240 1297 1384 1354 nihil
1419 1305 1537 1355 tam
1573 1298 1814 1356 absurde
1849 1300 1964 1356 dici

278 1383 473 1453 potest
514 1377 669 1453 quod
703 1396 820 1434 non
863 1377 1087 1434 dicatur
1128 1376 1200 1433 ab
1234 1377 1425 1453 aliquo
1466 1377 1959 1455 philosophorum.

282 1463 413 1515 120.
458 1456 675 1515 Utrum
722 1457 900 1532 igitur
948 1476 1243 1514 censemus
1288 1457 1696 1514 dormientium
1742 1459 1964 1515 animos

278 1556 381 1614 per
409 1556 541 1594 sene
569 1537 726 1614 ipsos
754 1537 812 1593 in
845 1537 1186 1594 somniando
1217 1538 1437 1594 -moveri
1465 1557 1555 1608 an,
1577 1546 1644 1594 ut
1670 1538 1965 1596 Democri-

279 1625 374 1673 tus
430 1625 639 1688 censet‚
686 1622 918 1674 externa
965 1623 1024 1673 et
1072 1617 1395 1674 adventicia
1448 1617 1666 1674 visione
1714 1618 1964 1694 pulsari?

281 1696 413 1755 Sive
447 1697 601 1755 enim
637 1697 716 1754 sic
751 1703 837 1754 est
872 1697 987 1754 sive
1015 1696 1117 1754 illo
1146 1697 1338 1768 modO,
1364 1697 1543 1755 videri
1572 1705 1814 1774 possunt
1841 1718 1964 1775 per-

279 1777 462 1835 multa
503 1777 923 1835 somniantibus
964 1777 1108 1833 falsa
1140 1796 1245 1853 pro
1287 1777 1447 1835 veris,
1535 1777 1685 1834 Nam
1720 1785 1778 1834 et
1809 1780 1964 1835 navi-

280 1857 550 1934 gantibus
582 1858 803 1914 moveri
835 1857 1101 1914 videntur
1135 1877 1216 1927 ea,
1242 1876 1384 1933 quae
1419 1863 1589 1930 stant,
1621 1865 1678 1914 et
1712 1858 1962 1935 quodam

283 1938 490 1995 obtutu
514 1937 809 1995 oculorum
832 1937 947 1994 duo
969 1956 1075 2014 pro
1097 1956 1214 1995 uno
1236 1937 1495 1995 lucernae
1510 1937 1744 1996 lumina.
1809 1937 1963 2006 Quid

282 2018 470 2075 dicam
503 2017 734 2088 insaniS,
762 2017 902 2094 quid
934 2017 1105 2074 ebriis
1140 2035 1310 2093 quam
1344 2017 1528 2075 multa
1560 2018 1705 2075 falsa
1735 2018 1964 2075 videan-

281 2100 411 2156 tur?
476 2097 664 2166 Quod
698 2097 747 2154 si
781 2098 900 2154 eius
932 2097 1093 2153 modi
1134 2097 1270 2153 visis
1312 2098 1657 2155 credendum
1697 2117 1816 2154 non
1859 2107 1960 2169 est,

283 2198 383 2236 cur
416 2178 653 2235 somniis
687 2177 949 2235 credatur
978 2176 1188 2233 nescio·
1274 2176 1425 2233 Nam
1458 2184 1578 2234 tam
1609 2177 1742 2235 licet
1775 2178 1845 2235 de
1874 2178 1964 2235 his

283 2259 580 2329 erroribus»,
613 2258 661 2315 si
694 2257 850 2329 velie,
881 2276 1053 2333 quam
1082 2256 1154 2313 de
1184 2256 1420 2313 somniis
1455 2257 1761 2333 disputare,
1785 2265 1852 2315 ut
1879 2278 1960 2328 ea,

284 2358 428 2415 quae
462 2345 631 2410 stant,
658 2338 706 2395 si
733 2338 953 2395 moveri
986 2335 1301 2407 videantur,
1327 2342 1508 2393 terrae
1540 2343 1764 2394 motum
1795 2338 1963 2414 signi-

281 2419 448 2476 ficare
490 2419 645 2476 dicas
677 2424 778 2475 aut
809 2416 1166 2494 repentinam
1202 2416 1449 2492 aliquam
1485 2417 1701 2493 fugam,
1732 2418 1963 2493 gemino

283 2506 476 2556 autem
503 2497 762 2555 lucernae
793 2497 1008 2555 lumine
1043 2496 1312 2554 declarari
1347 2496 1758 2553 dissensionem
1787 2515 1851 2553 ac
1886 2517 1967 2553 se-

284 2578 565 2635 ditionem
605 2578 838 2634 moveri.
930 2576 1085 2634 LIX.
1175 2581 1306 2633 121.
1359 2575 1479 2632 Iam
1525 2595 1593 2632 ex
1634 2576 1964 2633 insanorum

283 2664 385 2714 aut
432 2657 719 2714 ebriorum
768 2657 904 2713 visis
951 2655 1389 2713 innumerabilia
1445 2657 1770 2713 coniectura
1816 2656 1966 2713 trahi

283 2743 525 2814 possunt
560 2755 702 2813 quae
744 2736 942 2793 futura
979 2736 1296 2793 videantur.
1383 2735 1527 2804 Quis
1559 2733 1646 2792 est
1679 2735 1831 2792 enim
1868 2737 1966 2811 qui

283 2824 475 2874 totum
514 2817 669 2874 diem
702 2815 952 2873 iaculans
985 2835 1100 2873 non
1138 2816 1444 2892 aliquando
1488 2815 1776 2873 colliniet?
1856 2815 1967 2872 To-

283 2904 373 2954 tas
412 2903 610 2953 noctes
653 2896 1019 2966 somniamus»,
1049 2913 1235 2972 neque
1267 2895 1383 2952 ulla
1415 2902 1503 2953 est
1535 2897 1654 2953 fere
1698 2915 1809 2972 qua
1848 2915 1965 2952 non

285 2976 654 3046 dormiamus,
687 2983 745 3033 et
775 2976 1051 3032 miramur
1084 2975 1392 3051 aliquando
1426 2976 1503 3045 id,
1536 2975 1694 3052 quod
1727 2976 1968 3032 somnia-

283 3057 480 3127 rimuS,
505 3056 740 3113 evadere
763 3056 782 3112 2
864 3053 1022 3123 Quid
1049 3060 1137 3112 est
1162 3061 1284 3112 tam
1312 3055 1594 3112 incertum
1630 3074 1801 3132 quam
1831 3055 1967 3112 talo-

285 3155 414 3194 rum
442 3136 656 3193 iactus?
696 3141 890 3191 tamen
922 3153 1093 3191 nemo
1129 3140 1216 3191 est
1245 3134 1383 3211 quin
1418 3153 1585 3211 saepe
1613 3135 1830 3191 iactans
1856 3134 1968 3190 Ve-

287 3216 507 3280 nerium
538 3214 707 3278 iaciat
736 3213 1058 3287 aliquando,
1076 3232 1193 3270 non
1221 3232 1536 3294 numquam
1566 3214 1735 3276 etiam
1762 3214 1967 3270 iterum
