2205 3431
202 69 232 117 '7
235 69 264 116 8
698 66 795 116 DE
828 68 1125 117 NATURA
1160 67 1482 118 DEORUM.

200 168 263 225 in
297 168 555 245 quinque·
583 166 760 226 stellis
798 167 1133 240 errantibuS,
1165 169 1322 261 quod
1355 168 1597 226 efficitur
1629 170 1688 226 in
1724 170 1879 228 caelo

201 247 442 324 singulis
475 246 677 305 diebus
711 255 769 305 et
801 248 1083 319 noctibuS,
1111 249 1237 325 quis
1271 249 1329 305 in
1365 248 1462 305 illa
1487 248 1747 307 barbaria
1781 251 1881 306 du-

201 327 347 385 bitet
381 328 519 404 quin
549 348 615 385 ea
642 327 882 404 sphaera
909 329 984 384 sit
1015 329 1273 404 perfecta
1298 329 1554 387 ratione?
1620 330 1876 387 XXXV.

201 407 284 464 Hi
313 417 507 465 autem
534 407 805 465 dubitant
831 408 904 464 de
933 409 1168 478 mund0,
1194 428 1262 464 ex
1298 428 1411 485 quo
1446 417 1503 466 et
1533 409 1794 467 oriuntur
1821 417 1880 466 et

200 487 347 545 fiunt
381 488 590 557 omnia,
622 506 828 544 casune
863 488 984 564 ipse
1026 488 1102 544 sit
1136 488 1373 545 effectus
1413 495 1513 546 aut
1545 490 1881 547 necessitate

201 568 391 644 aliqua
429 587 504 624 an
544 568 763 625 ratione
804 587 869 624 ac
910 575 1102 625 mente
1145 567 1339 624 divina
1379 576 1438 625 et
1469 568 1876 626 Archimedem

200 647 547 704 arbitrantur
577 647 707 724 plus
740 647 980 704 valuisse
1014 648 1074 704 in
1108 647 1403 705 imitandis
1443 648 1713 725 sphaerae
1747 668 1879 706 con-

199 727 556 784 versionibus
591 746 763 804 quam
797 734 1058 784 naturam
1091 728 1155 784 in
1188 727 1515 799 efficiendis,
1545 729 1874 804 praesertim

201 826 332 863 cum
365 807 564 863 multis
591 806 850 883 partibus
884 808 1001 864 sint
1028 807 1127 864 illa
1153 807 1410 884 perfecta
1444 827 1614 885 quam
1643 808 1782 866 haec
1811 810 1882 865 si-

199 886 418 943 mulata
458 886 755 945 sollertius,
843 892 935 944 89.
966 887 1151 963 Atqui
1186 887 1279 944 ille
1322 888 1476 964 apud
1508 888 1752 945 Accium
1786 908 1883 965 pa-

201 973 337 1037 stor,
360 966 459 1044 qui
479 986 683 1024 navem
710 986 1025 1043 numquam
1059 973 1193 1024 ante
1215 967 1465 1038 vidisset,
1485 975 1552 1025 ut
1572 968 1771 1045 procul
1801 969 1884 1025 di-

199 1046 399 1103 vinum
434 1053 492 1104 et
519 1066 728 1103 novum
762 1046 1082 1104 vehiculum
1117 1047 1582 1123 Argonautarum
1620 1068 1651 1105 e
1683 1055 1882 1105 monte

200 1127 513 1203 conspexit,
544 1127 732 1204 primo
767 1126 1054 1184 admirans
1095 1134 1155 1184 et
1186 1128 1521 1204 perterritus
1561 1128 1672 1186 hoc
1704 1128 1882 1185 modo

199 1205 485 1283 loquitur:

1044 1285 1214 1333 Tanta
1233 1285 1389 1334 moles
1410 1284 1609 1346 labitur,

393 1348 741 1399 Fremebunda
763 1364 828 1398 ex
849 1349 951 1398 alto
973 1349 1163 1410 ingenti
1187 1350 1350 1399 sonitu
1373 1359 1424 1399 et
1446 1352 1634 1413 spiritu.

394 1416 523 1463 Prae
547 1430 599 1463 se
622 1415 780 1463 undas
798 1415 964 1475 volvit,
983 1416 1194 1463 vortices
1217 1416 1264 1463 vi
1287 1416 1525 1464 suscitat:

394 1481 517 1528 Ruit
540 1481 778 1542 prolapsa,
800 1481 1002 1543 pelagus
1025 1480 1279 1543 respergit,
1299 1480 1454 1529 reflat.

394 1546 476 1593 Ita
493 1546 611 1594 dum
636 1546 966 1607 interruptum
989 1546 1160 1594 credas
1182 1546 1405 1594 nimbum
1430 1544 1628 1607 volvier,

393 1610 533 1659 Dum
555 1611 685 1673 quod
710 1611 917 1659 sublime
938 1612 1098 1659 ventis
1121 1611 1381 1672 expulsum
1406 1610 1512 1674 rapi

394 1678 584 1726 Saxum
608 1685 695 1725 aut
716 1676 944 1739 procellis
967 1675 1042 1725 vel
1064 1676 1295 1737 globosos
1314 1676 1532 1726 turbines

395 1741 651 1791 Exsistere
673 1743 798 1791 ictos
823 1741 965 1790 undis
988 1742 1420 1790 concursantibus:

393 1807 505 1856 Nisi
528 1822 649 1869 quas
672 1814 926 1856 terrestres
949 1816 1130 1868 pontus
1154 1817 1342 1866 strages
1364 1807 1572 1868 conciet,

393 1873 504 1920 Aut
526 1873 652 1920 forte
669 1873 841 1920 'I'riton
860 1871 1054 1920 fuscina
1074 1881 1298 1920 evertens
1321 1888 1493 1934 specus

396 1938 577 1986 Subter
598 1937 786 1986 radices
811 1938 1007 1999 penitus
1032 1937 1239 1984 undanti
1263 1938 1313 1985 in
1337 1938 1467 1986 freto

394 2002 583 2051 Molem
607 2017 672 2050 ex
695 2002 938 2065 profundo
962 2017 1165 2050 saxeam
1190 2002 1252 2051 ad
1276 2004 1470 2052 caelum
1492 2002 1668 2052 evehit.

200 2135 446 2196 Dubitat
479 2136 666 2213 primo
711 2156 854 2214 quae
897 2137 972 2194 sit
1015 2156 1081 2193 ea
1121 2142 1341 2207 natura,
1375 2156 1546 2213 quam
1588 2136 1769 2194 cernit
1801 2136 1885 2213 ig-

200 2225 415 2288 notam,
451 2216 720 2294 idemque
761 2216 1063 2274 iuvenibus
1107 2216 1243 2273 visis
1291 2217 1603 2295 auditoque
1652 2217 1883 2274 nautico

144 2362 147 2365 Ἴ
201 2304 373 2355 cantu
396 2315 411 2354 ε

137 3274 189 3318 ι.

396 2419 589 2533 {iola-pt
611 2417 750 2495 inciti
772 2425 922 2481 atque
943 2416 1132 2467 alacres
1154 2417 1327 2467 rostris
1350 2417 1657 2481 perfremunt

450 2499 477 2533 e
496 2500 529 2547 p
545 2499 650 2532 nm.

203 2601 348 2660 Item
379 2602 490 2660 alia
517 2602 730 2660 multa:

1300 2678 1485 2727 Silvani
1509 2678 1641 2728 melo

397 2745 719 2794 Consimilem
742 2744 807 2793 ad
829 2759 970 2794 aures
992 2752 1195 2794 cantum
1219 2751 1269 2794 et
1291 2745 1515 2792 auditum
1538 2745 1704 2795 refert.

203 2887 298 2942 90.
334 2882 489 2960 Ergo
522 2889 589 2940 ut
621 2882 716 2939 hic
748 2882 937 2958 primo
980 2887 1214 2958 aspectu
1249 2881 1569 2939 inanimum
1611 2879 1886 2958 quiddam

204 2981 485 3039 sensuque
514 2981 754 3019 vacuum
785 2981 844 3019 se
872 2967 1041 3038 putat
1062 2981 1305 3031 cernere,
1326 2969 1459 3038 post
1486 2969 1678 3019 autem
1709 2961 1887 3037 signis

205 3041 544 3100 certioribus
578 3041 743 3118 quale
785 3042 860 3099 sit
892 3041 971 3110 id,
1003 3042 1074 3099 de
1119 3061 1233 3118 quo
1277 3042 1651 3114 dubitaverat,
1683 3043 1888 3118 incipit

206 3122 496 3200 suspicari,
528 3122 608 3179 sic
640 3086 974 3198 philosophi
1008 3122 1345 3190 debuerunt,
1370 3124 1414 3179 si
1451 3124 1604 3180 forte
1646 3142 1745 3180 eos
1779 3122 1889 3199 pri-
