2205 3431
489 129 627 177 L113.
660 127 756 188 11.,
785 127 941 176 CAP.
973 124 1469 186 xxv111.-XXX.,
1493 124 1521 184 ς
1549 127 1722 174 70-76.
1891 128 1952 175 ⁰73

273 229 527 288 videntia
558 228 841 286 mundum
878 226 1301 284 administrari:
1352 244 1594 301 magnus
1627 244 1761 281 sane
1796 225 1954 282 locus

271 317 360 367 est
387 317 446 367 et
473 329 509 366 a
534 309 752 379 vestriS,
776 307 965 375 Cotta,
986 312 1237 375 vexatuS,
1262 324 1327 361 ac
1356 305 1626 361 nimirum
1655 303 1951 361 vobiscum

270 409 444 446 omne
466 396 752 446 certamen
775 393 876 444 est.
947 385 1097 442 Nam
1121 383 1300 454 vob1S,
1313 383 1514 454 Vellei,
1535 384 1727 440 minus
1747 390 1952 440 notum

270 475 359 525 est
388 488 558 545 quem
588 468 661 524 ad
688 467 928 523 modum
959 465 1213 542 quidque
1241 464 1479 521 dicatur.
1557 462 1766 521 Vestra
1798 464 1950 520 enim

270 547 457 605 solum
486 547 693 624 legitis,
717 553 903 603 vestra
930 545 1167 601 amatis:
1212 551 1429 601 ceteros
1463 562 1631 601 causa
1658 543 1953 619 incognita

270 626 680 685 condemnatis
767 625 944 684 Velut
976 645 1011 681 a
1041 631 1100 681 te
1134 624 1261 701 ipso
1296 623 1561 681 hesterno
1604 622 1698 680 die
1731 622 1952 680 dictum

269 714 358 763 est
386 726 557 764 anum
587 706 886 763 fatidicam
919 706 1186 780 πρόνοιαν
1214 724 1248 760 a
1281 703 1491 761 Stoicis
1519 703 1731 773 induci,
1756 703 1817 760 id
1847 712 1949 774 est,

269 786 705 863 providentiam.
792 785 963 853 Quod
1003 804 1071 842 eo
1115 803 1301 841 errore
1344 783 1557 854 dixisti,
1590 782 1724 860 quia
1765 783 1952 840 existi-

269 885 393 923 mas
420 866 492 923 ab
520 866 611 923 his
638 865 1057 942 providentiam
1087 864 1229 941 fingi
1259 863 1420 940 quasi
1455 862 1743 939 quandam
1787 863 1953 919 deam

268 946 633 1023 singularem,
654 965 797 1022 quae
818 945 1100 1002 mundum
1132 963 1362 1001 omnem
1384 942 1665 1019 gubernet
1692 949 1751 999 et
1773 950 1948 1019 regat,

268 1026 371 1083 sed
391 1026 453 1083 id
479 1026 729 1103 praecise
757 1025 982 1082 dicitur.
1054 1023 1147 1081 74.
1179 1023 1267 1082 Ut
1296 1024 1344 1079 si
1373 1023 1500 1100 quis
1528 1022 1683 1079 dicat
1710 1022 1953 1079 Atheni-

267 1106 492 1162 ensium
519 1125 639 1164 rem
661 1105 948 1182 publicam
978 1104 1217 1161 consilio
1246 1103 1383 1179 regi,
1402 1103 1551 1160 desit
1572 1102 1712 1159 illud
1738 1102 1952 1159 “Areo-

267 1184 459 1262 pagi,”
496 1186 592 1255 sic,
617 1205 749 1242 cum
783 1185 1029 1241 dicimus
1062 1183 1424 1260 providentia
1457 1182 1740 1239 mundum
1773 1182 1951 1239 admi·

268 1265 512 1335 nistrari,
538 1266 732 1322 deesse
773 1264 1079 1321 arbitrator
1114 1264 1147 1291 ‘⁴
1168 1264 1422 1320 deorum.
1428 1261 1461 1288 ’⁹
1546 1261 1724 1319 Plene
1757 1270 1950 1318 autem

268 1352 328 1401 et
361 1345 611 1422 perfecte
654 1345 734 1402 sic
776 1344 891 1401 dici
932 1343 1276 1413 existimatO,
1306 1342 1670 1419 providentia
1710 1341 1949 1398 deorum

266 1424 549 1482 mundum
591 1424 991 1480 administrari.
1078 1421 1173 1480 Ita
1204 1422 1377 1479 salem
1413 1423 1606 1493 istum,
1639 1441 1753 1499 quo
1796 1429 1949 1479 caret

268 1513 453 1560 vestra
486 1504 660 1573 nati0,
687 1504 745 1560 in
782 1502 1084 1560 irridendis
1118 1502 1286 1559 nobis
1319 1502 1561 1559 nolitote
1580 1520 1945 1593 consumere,

267 1590 327 1640 et
359 1583 654 1654 mehercle,
687 1584 734 1639 si
768 1602 860 1639 me
894 1582 1156 1653 audiatiS,
1182 1601 1253 1639 ne
1287 1581 1660 1658 experiamini
1695 1581 1944 1658 quidem.

267 1663 403 1721 Non
436 1663 615 1736 decet,
647 1682 762 1720 non
798 1663 996 1721 datum
1032 1669 1135 1734 est,
1165 1681 1282 1720 non
1316 1661 1572 1740 potestiS.
1659 1660 1715 1718 N
1718 1680 1780 1719 ec
1815 1681 1947 1720 vero

267 1743 377 1801 hoc
405 1744 466 1801 in
493 1751 551 1801 te
585 1764 764 1801 unum
798 1744 1066 1800 convenit
1099 1742 1355 1799 moribus
1389 1741 1718 1799 domesticis
1751 1761 1816 1798 ac
1849 1761 1949 1799 no-

265 1831 514 1889 strorum
537 1824 839 1880 hominum
862 1823 1186 1880 urbanitate
1208 1823 1486 1893 limatum,
1509 1822 1610 1879 sed
1631 1841 1761 1879 cum
1784 1822 1844 1877 in
1867 1841 1949 1879 re-

266 1903 455 1981 liquos
482 1911 700 1961 vestros
727 1910 853 1961 tum
888 1904 945 1959 in
981 1923 1114 1961 eum
1147 1903 1412 1973 maxime,
1439 1902 1536 1978 qui
1566 1902 1676 1958 ista
1702 1902 1943 1978 peperit,

265 1982 562 2040 hominem
596 1984 717 2041 sine
751 1991 888 2054 arte,
920 1983 1041 2039 sine
1074 1983 1296 2053 litteris,
1327 1982 1697 2038 insultantem
1732 1982 1791 2038 in
1828 2001 1948 2038 om-

266 2082 383 2132 neS,
416 2064 537 2121 sine
578 2063 839 2120 acumine
873 2062 1006 2132 ullo,
1040 2063 1161 2119 sine
1194 2062 1548 2132 auctoritate,
1580 2062 1702 2119 sine
1737 2061 1943 2138 lepore.

265 2142 463 2200 XXX.
524 2144 613 2200 75.
638 2142 788 2200 Dico
810 2143 988 2218 igitur
1008 2141 1370 2218 providentia
1396 2141 1632 2197 deorum
1664 2142 1945 2198 mundum

265 2229 326 2279 et
360 2241 558 2280 omnes
599 2223 802 2279 mundi
835 2231 1024 2299 partes
1065 2228 1125 2278 et
1158 2222 1327 2278 initio
1362 2222 1702 2278 constitutas
1735 2240 1855 2277 esse
1889 2228 1947 2278 et

266 2302 428 2359 omni
469 2309 727 2378 tempore
768 2302 1171 2371 administrari,
1212 2319 1451 2377 eamque
1495 2301 1945 2377 disputationem

265 2389 380 2439 tres
402 2382 461 2438 in
484 2391 673 2458 partes
694 2382 877 2439 nostri
896 2382 1018 2438 fere
1039 2381 1324 2451 dividunt,
1348 2399 1586 2457 quarum
1609 2381 1796 2457 prima
1817 2400 1947 2457 pars

264 2468 368 2532 est,
391 2481 534 2538 quae
562 2461 791 2519 ducitur
816 2461 889 2518 ab
919 2480 986 2518 ea
1012 2461 1249 2532 ratione,
1272 2480 1415 2537 quae
1444 2460 1613 2517 docet
1641 2480 1761 2518 esse
1789 2461 1944 2531 deos,

267 2560 382 2616 quo
416 2560 683 2598 concesso
718 2540 1111 2599 confitendum
1145 2547 1232 2597 est
1264 2559 1460 2597 eorum
1504 2540 1743 2596 consilio
1785 2559 1949 2596 mun-

266 2621 404 2677 dum
448 2621 848 2678 administrari.
934 2619 1199 2677 Secunda
1239 2626 1326 2677 est
1359 2627 1566 2690 autem,
1601 2638 1744 2696 quae
1779 2619 1948 2676 docet

267 2720 467 2758 omnes
500 2720 588 2758 res
622 2700 903 2757 subiectas
936 2719 1056 2758 esse
1090 2706 1325 2756 naturae
1361 2699 1631 2756 sentienti
1664 2698 1735 2755 ab
1770 2718 1946 2775 eaque

266 2780 462 2837 omnia
482 2780 859 2856 pulcherrime
881 2780 1018 2871 geri.
1088 2779 1218 2847 Quo
1248 2779 1562 2836 constituto
1592 2779 1848 2856 sequitur
1874 2779 1946 2836 ab

266 2860 653 2918 animantibus
680 2859 977 2937 principiis
1006 2879 1132 2916 eam
1161 2878 1281 2915 esse
1308 2865 1652 2934 generatam.
1720 2858 1947 2915 Tertius

266 2946 354 2996 est
381 2939 555 3010 locuS,
582 2940 680 3016 qui
710 2940 938 2997 ducitur
966 2959 1035 2996 ex
1063 2939 1444 2996 admiratione
1477 2957 1664 2996 rerum
1699 2939 1948 2996 caelesti-

266 3039 363 3075 um
396 3027 567 3096 atque
594 3020 961 3077 terrestrium.

351 3098 441 3157 76.
480 3099 742 3156 Primum
776 3099 954 3174 igitur
993 3105 1094 3155 aut
1128 3098 1454 3174 negandum
1498 3104 1585 3154 est
1626 3116 1746 3154 esse
1789 3097 1942 3166 deos,

270 3179 426 3252 quod
454 3185 512 3236 et
538 3178 904 3237 Democritus
938 3177 1239 3235 simulacra
1275 3186 1333 3234 et
1362 3177 1642 3252 Epicurus
1669 3176 1946 3250 imagines
