2205 3431
264 124 358 171 138
704 120 802 168 DE
835 120 1137 169 NATURA
1168 120 1489 170 DEORUM.

261 221 346 279 At
367 221 523 298 quod
544 220 718 292 dives,
741 221 897 297 quod
924 220 1256 292 honoratuS,
1279 220 1437 296 quod
1456 220 1779 278 incolumiS.
1855 220 1947 279 Io-

261 320 502 378 vemque
531 301 816 378 optimum
847 306 906 357 et
932 300 1251 356 maximum
1281 299 1356 357 ob
1384 319 1478 357 eas
1511 319 1600 357 res
1634 299 1944 377 appellant,

259 400 379 437 non
425 381 581 457 quod
625 400 730 437 nos
774 380 972 449 iustOS,
1003 386 1367 456 temperatOS,
1392 380 1676 456 sapientes
1717 380 1944 452 efficiat,

263 461 361 518 sed
397 461 551 538 quod
586 460 784 531 saIVOS,
806 459 1475 535 incolumeS,opulentOS,
1496 461 1775 536 copiosos,
1848 467 1943 519 88.

263 540 464 618 Neque
498 540 734 597 Herculi
777 540 1077 616 quisquam
1121 539 1420 596 decumam
1456 541 1614 596 vovit
1647 560 1943 617 umquam,

262 621 311 678 si
332 621 556 698 sapiens
577 621 764 676 factus
792 626 952 676 esset.
1023 617 1382 695 Quamquam
1413 618 1789 695 Pythagorae,
1811 639 1946 677 cum

262 701 322 757 in
356 700 670 776 geometria
703 698 977 776 quiddam
1011 698 1148 755 novi
1176 699 1501 769 invenisset,
1523 698 1703 756 Musis
1736 699 1947 756 bovem

261 779 586 836 immolasse
629 779 871 836 dicitur:
916 778 1014 835 sed
1057 778 1120 835 id
1162 779 1393 855 quidem
1434 798 1553 835 non
1597 779 1782 848 cred0‚
1805 799 1947 856 quo-

261 860 417 916 niam
451 858 546 916 ille
587 878 657 916 ne
692 858 951 935 Apollini
987 858 1220 936 quidem
1255 857 1425 915 Delio
1459 858 1708 915 hostiam
1740 858 1948 916 immo-

263 938 376 996 lare
409 938 608 1010 voluit,
631 958 703 996 ne
745 958 899 995 aram
943 938 1220 1014 sanguine
1261 945 1598 1014 aspergeret.
1682 938 1781 995 Ad
1821 958 1946 996 rem

264 1027 452 1075 autem
489 1024 556 1075 ut
588 1018 831 1086 redeam,
854 1018 1133 1075 iudicium
1167 1017 1278 1075 hoc
1312 1018 1573 1074 omnium
1613 1018 1946 1076 mortalium

230 1103 365 1169 ‘est‚
390 1098 681 1155 fortunam
724 1118 758 1155 a
791 1099 899 1155 deo
933 1098 1258 1174 petendam,
1283 1117 1317 1154 a
1350 1116 1409 1153 se
1437 1097 1564 1173 ipso
1607 1097 1945 1155 sumendam

264 1198 384 1235 esse
430 1179 784 1255 sapientiam.
884 1177 1158 1246 Quamvis
1203 1177 1335 1234 licet
1379 1176 1561 1234 Menti
1607 1176 1843 1234 delubra
1886 1186 1947 1235 et

265 1257 484 1316 Virtuti
530 1266 587 1315 et
632 1258 791 1315 Fidei
825 1277 1233 1326 consecremus,
1264 1265 1456 1313 tamen
1494 1256 1636 1314 haec
1674 1258 1733 1313 in
1775 1257 1947 1315 nobis

263 1338 404 1414 ipsis
443 1338 552 1395 sita
583 1338 876 1395 videmus:
921 1337 1072 1413 Spei,
1098 1336 1327 1407 Salutis,
1354 1336 1514 1413 Opis,
1537 1336 1830 1394 Victoriae
1862 1338 1949 1395 fa-

264 1418 443 1475 cultas
471 1438 505 1474 a
533 1418 622 1474 dis
650 1417 968 1494 expetenda
995 1424 1095 1474 est.
1181 1416 1584 1492 Improborum
1614 1417 1792 1493 igitur
1817 1436 1950 1494 pro-

264 1499 560 1575 speritates
579 1497 969 1574 secundaeque
986 1516 1074 1553 res
1090 1496 1455 1572 redarguunt,
1473 1504 1538 1554 ut
1554 1496 1846 1572 Diogenes
1864 1497 1950 1554 di-

265 1578 446 1647 cebat,
456 1578 574 1636 vim
593 1597 824 1635 omnem
843 1577 1081 1634 deorum
1104 1596 1168 1633 ac
1186 1582 1547 1652 potestatem.
1621 1576 1944 1635 XXXVII.

268 1664 358 1715 89.
383 1658 468 1715 At
488 1677 605 1715 non
628 1676 940 1735 numquam
959 1656 1143 1713 bonos
1164 1656 1349 1713 exitus
1366 1655 1580 1713 habent
1596 1655 1751 1714 boni.
1828 1656 1949 1713 Eos

266 1739 498 1815 quidem
541 1738 856 1814 adripimus
898 1736 1375 1813 attribuimusque
1418 1737 1539 1794 sine
1577 1736 1692 1793 ulla
1723 1737 1948 1795 ratione

266 1819 355 1875 dis
382 1817 816 1874 immortalibus,
902 1817 986 1874 At
1012 1816 1312 1892 DiagoraS,
1333 1835 1471 1873 cum.
1494 1816 1949 1874 Samothraciam

266 1898 526 1966 venisset,
549 1897 771 1953 Atheos
792 1896 885 1954 ille
909 1897 1007 1973 qui
1029 1897 1255 1966 dicitur,
1277 1904 1447 1972 atque
1470 1897 1522 1953 ei
1546 1896 1779 1972 quidam
1808 1898 1950 1953 ami-

267 1997 398 2034 cus:
446 1978 479 2003 “
497 1977 602 2045 Tu,
631 1977 727 2053 qui
762 1977 900 2033 deos
933 1984 1101 2053 putas
1135 1976 1386 2032 humana
1416 1975 1731 2052 neglegere,
1753 1995 1948 2034 nonne

267 2057 670 2114 animadvertis
708 2076 776 2113 ex
810 2063 900 2114 tot
932 2055 1143 2113 tabulis
1175 2056 1346 2132 pictis
1380 2075 1551 2132 quam
1591 2056 1761 2113 multi
1797 2056 1949 2113 votis
2023 2078 2028 2079 ’

266 2138 380 2194 vim
412 2138 770 2214 tempestatis
799 2137 1107 2212 effugerint
1133 2136 1193 2191 in
1222 2142 1567 2211 portumque
1597 2135 1732 2191 salvi
1754 2155 1951 2212 perve-

266 2218 455 2275 nerint
471 2216 530 2274 2”
603 2217 637 2243 ‘⁶
658 2216 747 2273 Ita
763 2214 831 2272 fit
848 2215 880 2242 ’'
901 2216 1123 2292 inquit:
1170 2214 1204 2244 ‘⁶
1225 2214 1304 2271 illi
1324 2215 1477 2271 onim
1499 2234 1780 2291 nusquam
1801 2215 1949 2291 picti

267 2305 416 2368 sunt,
443 2297 540 2374 qui
580 2296 880 2371 naufragia
913 2296 1175 2352 fecerunt
1208 2295 1267 2351 in
1308 2295 1565 2371 marique
1599 2294 1947 2371 perierunt.''

267 2377 560 2453 Idemque,
581 2396 711 2433 cum
735 2377 787 2433 ei
804 2375 1099 2451 naviganti
1118 2381 1371 2432 vectores
1392 2374 1626 2431 adversa
1644 2381 1952 2451 tempesta·

265 2465 325 2515 te
346 2456 537 2515 timidi
561 2463 618 2513 et
635 2455 919 2530 perterriti
939 2455 1194 2512 dicerent
1214 2473 1331 2511 non
1348 2454 1556 2511 iniuria
1577 2454 1685 2512 sibi
1701 2453 1844 2511 illud
1861 2474 1952 2511 ac-

268 2535 471 2606 cidere,
498 2535 597 2610 qui
623 2535 788 2593 illum
819 2536 875 2592 in
908 2533 1148 2591 eandem
1161 2553 1362 2591 navem
1383 2534 1741 2610 recepissent,
1764 2542 1952 2591 osten-

267 2615 355 2674 dit
387 2616 468 2674 eis
501 2616 561 2672 in
596 2614 800 2672 eodem
834 2634 1000 2672 cursu
1032 2614 1242 2672 multas
1270 2614 1407 2671 alias
1434 2613 1754 2672 laborantes
1783 2633 1952 2691 quae-

267 2697 511 2772 sivitque
540 2714 678 2751 num
708 2695 880 2752 etiam
909 2695 967 2751 in
991 2694 1062 2751 iis
1089 2694 1329 2751 navibus
1350 2694 1665 2770 Diagoram
1682 2694 1812 2751 vehi
1834 2713 1951 2751 cre-

267 2776 481 2833 derent.
568 2775 662 2832 Sic
692 2775 844 2832 enim
879 2794 967 2832 res
1001 2794 1060 2831 se
1088 2773 1278 2845 habet,
1298 2782 1364 2831 ut
1392 2774 1465 2830 ad
1493 2793 1820 2850 prosperam
1852 2774 1950 2830 ad-

265 2873 554 2912 versamve
587 2855 879 2911 fortunam
924 2854 1106 2931 qualis
1147 2855 1223 2911 sis
1264 2862 1362 2912 aut
1396 2873 1566 2930 quem
1600 2854 1675 2911 ad
1706 2853 1950 2910 modum

267 2934 474 2991 vixeris
495 2933 638 2988 nihil
661 2934 899 2991 intersit.
967 2940 1059 2991 90.
1084 2934 1142 2990 N
1145 2953 1219 2990 on
1242 2934 1717 3004 animadvertunt,
1738 2934 1946 3010 inquit,

270 3013 465 3069 omnia
498 3013 574 3082 di,
599 3032 669 3067 ne
708 3032 868 3088 reges
902 3013 1151 3089 quidem.
1238 3012 1392 3081 Quid
1425 3021 1512 3070 est
1545 3013 1760 3071 simile?
1841 3014 1950 3071 Re-

270 3110 370 3165 gcs
399 3091 550 3146 enim
582 3090 629 3145 si
652 3091 892 3147 scientes
914 3092 1393 3167 praetermittunt,
1412 3112 1623 3168 magna
1649 3093 1818 3170 culpa
1842 3101 1945 3152 est.

271 3168 618 3227 XXXVIII.
650 3169 734 3225 At
767 3169 874 3226 deo
909 3189 980 3226 ne
1013 3171 1300 3227 excusatio
1332 3170 1563 3244 quidem
1598 3180 1685 3229 est
1710 3173 1950 3229 inscien-
