2205 3431
826 135 1358 184 ARGUMENTUM.
1736 203 1748 210 ρ
1873 133 1937 180 47

245 249 462 296 eumque
488 240 698 292 tueatur,
723 247 850 294 quae
883 233 1119 295 quoniam
1154 232 1327 279 mundi
1357 231 1685 293 principatum
1717 230 1798 291 (τὸ
1826 229 1937 292 ἡγε-

245 297 477 374 μονικὸν)
506 307 560 346 ut
586 299 637 345 in
671 298 875 346 homine
909 312 1050 346 mens
1083 298 1307 346 obtineat
1335 306 1384 344 et
1411 297 1475 343 sit
1502 297 1578 343 vel
1611 296 1799 357 optima
1832 310 1938 342 oin-

247 365 409 423 nium,
432 363 483 411 in
518 363 612 410 hac
645 361 816 411 se'nsus
849 378 1045 426 quoque
1078 371 1130 411 et
1163 364 1290 410 ratio
1324 362 1477 409 insint
1510 375 1711 409 necesse
1744 375 1864 419 esse,
1889 369 1939 408 et

247 430 410 476 multo
432 428 634 492 quidem
658 429 869 477 acriores
897 437 1048 491 atque
1076 428 1306 487 maiores,
1329 443 1394 476 ex
1419 442 1516 489 quo
1543 425 1768 475 concludi
1798 440 1939 486 posse

247 494 494 542 mundum
528 508 634 542 esse
668 494 833 543 deum.
907 495 1032 542 Esse
1059 505 1314 555 pr·aete1ea
1340 492 1646 540 animantem
1673 490 1932 546 mundum,

248 559 387 622 quod
418 567 558 606 motu
593 575 681 607 sno
717 561 917 618 cientur,
947 560 1029 622 qni
1066 559 1141 607 vel
1177 559 1389 607 Platone
1423 568 1624 606 auctore
1657 565 1854 604 tantum
1889 556 1937 602 in

248 625 446 672 animos
484 624 644 683 cadat,
677 640 783 686 cap.
819 627 882 672 8-
892 628 964 683 12,
1005 624 1033 683 §
1075 626 1255 673 23—32.
1339 623 1517 672 Altera
1556 623 1684 670 ratio
1723 633 1798 669 est
1836 621 1940 668 eins

251 690 420 737 modi:
444 689 529 740 ‚In
571 690 707 737 omni
750 705 912 737 rerum
949 689 1256 738 institutione
1293 703 1400 737 esse
1439 689 1623 750 aliquid
1661 697 1938 735 extremum

250 764 403 817 atque
427 754 710 817 perfectum,
732 755 824 802 nisi
844 770 970 817 quae
992 755 1064 802 vis
1087 756 1310 803 obsistat.
1383 755 1443 803 In
1470 755 1605 802 omni
1631 754 1779 813 igitur
1803 762 1940 799 natu-

252 836 310 868 ra
338 820 414 867 vel
449 820 674 867 universo
705 835 763 867 ac
798 820 956 868 multo
991 820 1141 868 etiam
1180 820 1338 881 magis
1371 833 1574 867 necesse
1609 833 1715 867 esse
1753 817 1939 865 absolvi

252 884 444 947 aliquid
476 900 535 932 ac
570 885 752 946 perfici,
775 885 906 947 quod
936 885 1074 943 nihil,
1101 894 1156 933 ut
1185 885 1231 932 iu
1264 886 1439 933 ceteris
1474 884 1679 944 naturis,
1705 884 1941 931 obsistere

252 952 423 1013 possit.
499 951 633 1010 Ergo
665 966 778 998 cum
808 952 859 997 in
888 949 979 1010 his,
1004 966 1130 1013 quae
1156 952 1427 1010 gignantur
1460 964 1525 998 ex
1554 961 1701 1009 terra,
1725 948 1848 996 nihil
1876 948 1941 995 sit

253 1016 352 1062 nisi
380 1016 602 1074 nutritio,
626 1016 809 1064 bestiae
837 1026 1091 1078 praeterea
1119 1032 1320 1064 sensum
1349 1024 1400 1063 et
1430 1026 1618 1064 motum
1650 1015 1866 1063 habeant
1892 1023 1941 1060 et

254 1082 545 1142 appetitum,
569 1080 753 1128 homini
778 1081 999 1128 additam
1029 1082 1180 1130 etiam
1209 1082 1450 1130 rationem
1481 1096 1603 1140 esse,
1628 1096 1726 1144 qua
1752 1080 1941 1142 appeti-

255 1157 337 1193 tus
373 1156 619 1206 regantur.
692 1146 777 1194 Ex
815 1161 915 1209 quo
951 1147 1075 1194 effici
1104 1148 1391 1197 esseetiam
1429 1155 1660 1209 quartum
1688 1155 1738 1193 et
1764 1145 1941 1193 altissi-

256 1227 394 1258 mum
419 1212 627 1270 gradum
650 1226 835 1273 eorum,
856 1212 940 1273 qui
958 1224 1136 1260 natura
1154 1213 1269 1259 boni
1289 1213 1628 1275 sapientesque
1650 1212 1936 1273 gignantur,

256 1278 309 1324 in
334 1276 509 1338 quibus
535 1277 599 1324 ab
621 1277 762 1324 initio
786 1277 903 1325 insit
926 1288 1062 1326 recta
1087 1286 1139 1326 et
1162 1288 1393 1326 constans
1421 1279 1565 1338 ratio,
1589 1293 1717 1340 qnae
1740 1277 1834 1324 deo
1857 1276 1942 1323 tri-

256 1341 453 1389 buenda
486 1342 564 1401 sit,
588 1342 638 1390 id
667 1350 755 1401 est,
781 1342 983 1392 mundo,
1058 1344 1249 1392 Eodem
1283 1345 1384 1392 fere
1420 1344 1568 1391 modo
1602 1342 1728 1392 effici
1757 1356 1863 1390 esse
1892 1342 1941 1387 in

256 1407 445 1454 mundo
463 1421 705 1455 summam
726 1408 961 1456 virtutem
978 1417 1029 1456 et
1047 1409 1356 1471 sapientiam,
1379 1425 1486 1472 cap.
1513 1410 1687 1468 12-14,
1709 1407 1737 1466 ᾗ
1757 1409 1933 1455 33-39.

258 1472 359 1520 Sed
382 1472 552 1519 mundi
577 1473 835 1521 divinitate
861 1486 1116 1536 perspecta
1142 1476 1288 1522 astris
1318 1476 1466 1523 etiam
1498 1474 1806 1522 divinitatem
1837 1488 1943 1520 esse

258 1537 585 1587 tribuendam.
658 1538 809 1598 Gigni
844 1539 977 1587 enim
1016 1540 1113 1587 ista
1148 1556 1213 1588 ex
1247 1540 1574 1588 mobilissima
1606 1550 1655 1586 et
1683 1538 1945 1598 purissima

256 1602 470 1651 aetheris
497 1612 648 1664 parte,
671 1605 810 1652 nulla
833 1604 931 1652 alia
957 1605 1186 1653 admixta
1220 1616 1397 1653 natura
1424 1616 1623 1667 totaque
1650 1619 1757 1651 esse
1783 1603 1945 1650 calida

257 1677 309 1719 et
332 1668 587 1731 pellucida.
661 1671 951 1720 Absurdum
975 1681 1140 1720 autem
1165 1687 1286 1730 esse,
1311 1672 1350 1718 si
1377 1687 1451 1720 res
1479 1687 1543 1719 ex
1572 1671 1684 1718 aere
1706 1680 1843 1718 ortae
1867 1685 1944 1717 ra-

260 1735 444 1783 tionem
483 1736 733 1795 haberent,
758 1752 887 1800 quae
922 1738 973 1785 iu
1009 1738 1167 1787 multo
1196 1739 1389 1799 puriore
1422 1738 1622 1785 aethere
1659 1744 1938 1795 nascautur,

260 1815 406 1849 sensu
435 1816 517 1849 eas
545 1813 630 1849 ant
654 1803 842 1850 ratione
867 1817 1052 1863 carere,
1076 1819 1201 1866 quas
1226 1804 1290 1850 ibi
1320 1803 1473 1851 multo
1498 1804 1709 1850 acriores
1734 1815 1839 1849 esse
1863 1801 1946 1848 de-

261 1867 391 1925 bere,
416 1866 564 1929 idque
587 1867 661 1916 vel
685 1868 858 1916 ordine
886 1883 1057 1916 eorum
1083 1878 1133 1917 et
1157 1870 1435 1916 constantia
1464 1879 1698 1930 motuque
1721 1867 1946 1914 volunta-

263 1933 337 1980 rio
371 1931 623 1992 declarari,
651 1947 757 1994 cap.
784 1936 859 1990 15,
884 1935 959 1992 16,
990 1932 1018 1993 ξ
1053 1936 1231 1982 39-43.
1306 1933 1402 1982 Sed
1445 1934 1664 1981 maxime
1700 1941 1944 1980 astrorum

262 2011 461 2045 sensum
483 2008 532 2044 et
549 1997 933 2058 intellegentiam
955 1998 1363 2061 divinitatemque
1384 1997 1621 2047 declarari
1640 1997 1851 2046 mirabili
1869 2013 1946 2044 οι·-

263 2062 379 2110 dine
394 2078 562 2110 eorum
581 2074 631 2111 et
648 2064 907 2111 constantl
909 2081 940 2124 ι
961 2080 1087 2127 qnae
1111 2079 1271 2127 neque
1291 2075 1517 2112 naturam
1537 2064 1794 2141 significet,
1812 2062 1945 2125 quod

264 2129 330 2190 sjt
352 2127 494 2189 plena
517 2128 735 2189 rationis,
757 2143 916 2191 neque
940 2130 1202 2190 fortunam,
1224 2145 1351 2193 quae
1374 2130 1706 2178 constantiam
1729 2137 1940 2191 r.espuat

268 2191 325 2240 In
351 2208 451 2255 quo
474 2193 680 2241 ridicule
703 2209 865 2242 err·a1e
888 2194 1057 2242 dicit
1026 2195 1313 2257 Epicurum,
1336 2195 1419 2257 qui
1445 2194 1714 2242 humanam
1737 2194 1943 2253 figurant

266 2257 343 2305 dis
376 2259 611 2306 attribuat
633 2269 875 2321 negetque
904 2261 1169 2307 rotundum
1197 2270 1248 2309 et
1272 2260 1533 2308 volubilem
1561 2260 1710 2308 deum
1738 2258 1947 2318 cogitari

267 2337 421 2385 posse,
442 2337 547 2384 cap.
570 2326 744 2380 16-23,
767 2324 794 2383 ἓ
815 2327 994 2373 43-60.
1057 2325 1155 2374 Sed
1176 2325 1353 2372 multas
1369 2326 1493 2373 alias
1517 2334 1719 2372 naturas
1742 2324 1947 2372 deorum

269 2387 460 2449 magnis
483 2404 654 2437 eornm
679 2390 926 2438 beneficiis
948 2393 1243 2438 constitutas
1266 2406 1386 2440 esse.
1459 2392 1593 2440 Nam
1617 2391 1793 2453 primo,
1815 2388 1947 2451 quod

268 2454 333 2500 sit
352 2469 385 2501 a
411 2453 504 2501 deo
530 2463 720 2530 natum,
744 2455 793 2502 id
818 2456 1016 2503 nomine
1040 2456 1192 2517 ipsius
1219 2456 1298 2504 dei
1323 2457 1611 2519 nuncupari,
1635 2455 1813 2503 deinde
1840 2469 1947 2502 rem

269 2518 442 2580 ipsam,
462 2519 510 2565 in
530 2534 631 2582 qua
653 2520 717 2568 sit
733 2520 805 2567 vis
829 2521 986 2568 maior
1009 2520 1190 2582 aliqua,
1210 2521 1279 2568 sic
1302 2520 1552 2583 appellati,
1572 2520 1820 2568 beneficiis
1839 2534 1948 2581 por-

270 2599 324 2631 ro
340 2584 636 2632 excellentes
654 2586 782 2633 vitos
800 2585 850 2632 in
875 2585 1065 2633 caelum
1084 2587 1221 2633 fama
1242 2599 1291 2634 et
1311 2588 1559 2634 voluntate
1582 2585 1798 2633 sublatos
1822 2598 1942 2641 esse,

270 2649 481 2711 denique
512 2664 578 2697 ex
604 2650 808 2713 physica
840 2651 1033 2699 ratione
1072 2652 1253 2699 multos
1280 2651 1484 2699 fluxisse
1518 2656 1773 2712 poetarum
1808 2649 1943 2708 deos,

270 2729 374 2775 cap.
396 2716 576 2775 23-30,
600 2714 629 2774 §
657 2718 834 2765 60-Τῦ.
909 2717 1004 2764 Ηί3
1038 2716 1229 2763 duabus
1263 2717 1405 2764 rebus
1440 2716 1731 2774 constitutis,
1754 2723 1804 2763 et
1831 2715 1948 2762 deos

272 2794 376 2827 esse
402 2789 452 2828 et
474 2780 634 2843 qualis
655 2795 824 2829 eorum
853 2790 1033 2829 natura
1060 2782 1138 2841 sit,
1163 2783 1381 2843 sequitur
1408 2782 1678 2843 disputatio
1705 2781 1767 2828 de
1788 2781 1949 2843 provi-

272 2844 439 2892 dentia
472 2846 692 2894 deorum.
762 2848 840 2894 Ea
866 2847 1020 2895 tribus
1056 2846 1358 2906 argumentis
1394 2847 1683 2906 astringitur
1717 2846 1780 2893 de
1814 2861 1950 2893 more

273 2909 564 2959 Stoicorum.
638 2912 865 2959 Primum
900 2913 962 2960 ab
991 2927 1050 2960 eo
1077 2913 1199 2974 ipso,
1224 2912 1356 2974 quod
1386 2912 1436 2959 di
1465 2913 1578 2972 sint,
1602 2912 1812 2970 ducitur,
1836 2925 1942 2972 cap.

273 2977 448 3036 30—32‚
472 2975 500 3035 ξ
524 2978 702 3036 76-80,
725 2977 934 3026 alterum
958 2978 1088 3035 iude,
1114 2978 1244 3040 quod
1272 2992 1444 3025 omnes
1474 2992 1549 3026 res
1578 2977 1824 3024 subiectae
1851 2977 1950 3024 sint

274 3049 475 3090 naturae
499 3042 728 3091 sentienti
751 3044 813 3090 ab
837 3058 994 3105 eaque
1020 3044 1192 3090 omnia
1213 3043 1541 3103 pulcherrime
1563 3051 1812 3102 gerantur,
1836 3057 1943 3101 cap.

273 3109 350 3166 32,
375 3105 403 3165 ξ
429 3109 608 3167 81-83,
632 3108 831 3156 tertium
854 3118 1021 3156 autem
1044 3124 1110 3156 ex
1131 3108 1457 3155 admiratione
1482 3123 1642 3154 rernm
1665 3106 1950 3153 caelestium

274 3182 322 3220 et
349 3174 649 3221 terrestrium
679 3175 956 3233 arcessitur,
986 3175 1071 3237 qui
1100 3173 1237 3220 locus
1273 3174 1469 3233 copiose
1502 3169 1950 3228 admirabiliterque
