2205 3431
225 107 322 152 268
896 104 996 151 DE
1026 104 1235 153 FATO.

224 205 327 263 bit.
412 205 583 274 Quod
632 206 785 262 enim
834 206 1097 263 dicantur
1147 206 1510 263 adsensiones
1555 205 1677 263 fieri
1723 209 1907 264 causis

225 287 577 363 antepositiS,
609 286 671 342 id
706 286 869 363 quale
911 287 987 343 sit
1027 286 1197 342 facile
1239 304 1274 343 a
1313 305 1373 342 se
1416 285 1684 363 explicari
1718 294 1902 363 putat.

225 367 376 424 Nam
411 384 757 444 quamquam
790 366 1053 423 adsensio
1087 384 1206 422 non
1238 366 1423 442 possit
1455 366 1576 423 fieri
1609 366 1721 423 nisi
1754 386 1907 424 com-

223 455 382 504 mota
412 447 552 517 viSO,
585 453 795 517 tamen,
827 465 960 502 cum
994 445 1054 502 id
1088 446 1275 502 visum
1309 446 1634 522 proximam
1676 466 1904 504 causam

222 528 444 597 habeat,
485 546 602 583 non
652 526 1043 601 principalem,
1082 525 1231 582 hanc
1278 524 1455 582 habet
1498 527 1798 598 rationem,
1839 536 1907 585 ut

221 608 580 683 Chrysippus
614 606 752 677 vult,
779 624 952 682 quam
987 605 1208 662 dudum
1243 605 1510 677 diximus,
1541 625 1676 677 non,
1708 613 1775 663 ut
1807 607 1907 665 illa

221 688 452 764 quidem
482 686 606 743 fieri
634 685 816 763 possit
844 684 1001 742 nulla
1028 686 1084 742 vi
1114 685 1462 743 extrinsecus
1484 687 1906 745 excitata—ne-

219 787 371 824 ccsse
401 774 486 824 est
515 766 671 824 enim
693 765 1088 823 adsensionem
1119 765 1241 822 viso
1270 766 1802 824 commoveri—sed
1822 787 1906 825 re-

219 847 459 904 vertitur
502 847 576 903 ad
620 846 945 921 cylindrum
988 852 1046 902 et
1091 845 1165 902 ad
1210 845 1498 903 turbinem
1541 866 1724 917 suum,
1758 866 1903 924 quae

218 927 435 984 moveri
468 926 718 1002 incipere
760 926 872 982 nisi
907 925 1070 1001 pulsa
1110 945 1227 981 non
1262 932 1518 1002 possunt.
1605 926 1676 983 Id
1708 934 1903 984 autem

219 1027 350 1064 cum
393 1005 616 1077 accidit,
649 1012 849 1082 suapte
888 1015 1106 1075 natura,
1139 1005 1296 1082 quod
1329 1012 1602 1081 superest,
1634 1015 1693 1062 et
1726 1007 1904 1082 cylin-

218 1088 386 1143 drum
415 1086 567 1143 volvi
596 1093 653 1143 et
682 1086 888 1142 versari
917 1085 1205 1143 turbinem
1235 1093 1416 1162 putat.

298 1167 464 1224 XIX.
552 1171 643 1223 43.
689 1166 777 1224 Ut
810 1166 1002 1242 igitur,
1034 1166 1240 1242 inquit,
1273 1166 1373 1242 qui
1406 1166 1683 1242 protrusit
1725 1167 1903 1242 cylin-

218 1247 402 1318 drum,
439 1246 600 1304 dedit
649 1247 702 1304 ei
752 1246 1100 1323 principium
1151 1245 1442 1316 motioniS‚
1481 1244 1898 1304 volubilitatem

217 1335 408 1384 autem
438 1346 555 1383 non
585 1326 761 1396 dedit,
787 1327 867 1383 sic
896 1327 1082 1383 visum
1117 1325 1408 1383 obiectum
1435 1325 1729 1402 imprimet
1756 1327 1900 1384 illud

219 1407 452 1483 quidem
497 1413 555 1462 et
600 1407 759 1482 quasi
802 1405 1052 1482 signabit
1099 1406 1163 1463 in
1207 1406 1400 1463 animo
1435 1425 1596 1462 suam
1630 1407 1898 1483 speciem,

218 1486 317 1543 sed
347 1486 607 1544 adsensio
637 1492 832 1543 nostra
858 1487 967 1542 erit
995 1486 1055 1542 in
1082 1491 1384 1562 potestate,
1410 1505 1603 1563 eaque,
1626 1506 1794 1564 quem
1826 1487 1900 1544 ad

218 1566 457 1623 modum
500 1567 562 1623 in
607 1565 867 1642 cylindro
912 1565 1132 1622 dictum
1175 1572 1278 1636 est,
1319 1566 1668 1624 extrinsecus
1715 1566 1898 1643 pulsa,

219 1646 377 1723 quod
418 1645 701 1723 reliquum
747 1652 848 1717 est,
881 1653 1081 1724 suapte
1125 1646 1184 1702 vi
1228 1653 1286 1703 et
1318 1654 1522 1703 natura
1554 1647 1894 1705 movebitur.

218 1726 389 1795 Quod
417 1727 465 1783 si
485 1726 675 1804 aliqua
701 1746 789 1784 res
818 1726 1133 1784 efficeretur
1162 1727 1282 1784 sine
1311 1746 1479 1784 causa
1506 1728 1897 1799 antecedente,

216 1807 426 1863 falsum
456 1815 603 1864 esset
632 1807 825 1864 omnia
846 1807 969 1863 fato
991 1806 1147 1864 fieri:
1184 1808 1271 1864 sin
1295 1807 1577 1879 omnibuS‚
1600 1827 1900 1884 quaecum-

218 1906 327 1963 que
355 1886 516 1956 fiunt,
537 1887 654 1943 veri
678 1887 862 1944 simile
891 1893 978 1944 est
1006 1906 1233 1944 causam
1262 1887 1610 1958 antecedere,
1637 1887 1777 1963 quid
1804 1888 1901 1945 ad-

216 1967 352 2023 ferri
382 1967 594 2043 poterit
627 1986 726 2023 cur
758 1986 874 2023 non
910 1968 1106 2023 omnia
1137 1968 1262 2024 fato
1295 1966 1417 2024 fieri
1451 1967 1753 2024 fatendum
1786 1969 1900 2025 sit?

216 2046 392 2103 modo
437 2046 800 2122 intellegatur
845 2065 988 2123 quae
1034 2048 1110 2104 sit
1154 2067 1449 2104 causarum
1492 2048 1787 2104 distinctio
1832 2067 1899 2105 ac

218 2126 640 2183 dissimilitudo.
726 2131 818 2183 44.
865 2126 1025 2184 Haec
1067 2146 1199 2184 cum
1233 2128 1315 2184 ita
1356 2128 1470 2184 sint
1504 2146 1537 2183 a
1570 2127 1898 2204 Chrysippo

217 2207 513 2283 explicata,
539 2207 586 2263 si
613 2206 713 2276 illi,
740 2207 837 2282 qui
867 2214 1080 2282 negant
1108 2207 1474 2264 adsensiones
1500 2207 1624 2264 fato
1652 2206 1791 2277 fieri,
1815 2209 1901 2265 fa-

217 2293 443 2343 teantur
476 2294 667 2344 tamen
704 2305 797 2343 eas
833 2280 1001 2363 [non]
1039 2287 1161 2343 sine
1196 2287 1318 2343 viso
1352 2287 1723 2344 antecedente
1755 2286 1898 2358 fieri,

216 2367 326 2424 alia
358 2367 504 2423 ratio
540 2374 639 2424 est.
725 2366 840 2423 Scd
868 2366 915 2423 si
944 2367 1268 2424 concedunt
1296 2367 1510 2425 anteire
1537 2367 1659 2424 visa
1685 2387 1789 2425 nec
1818 2375 1903 2424 ta-

216 2466 348 2504 men
376 2447 500 2503 fato
529 2446 651 2503 fieri
680 2446 1061 2518 adsensioneS,
1084 2447 1242 2523 quod
1268 2447 1532 2523 proxima
1559 2447 1655 2503 illa
1682 2455 1741 2504 et
1769 2467 1902 2505 con-

215 2527 405 2584 tinens
437 2545 606 2583 causa
639 2545 755 2583 non
783 2532 1014 2583 moveat
1041 2526 1458 2598 adsensionem,
1482 2527 1613 2584 vide
1641 2546 1713 2584 ne
1742 2527 1899 2584 idem

217 2606 426 2663 dicant.
507 2606 708 2684 Neque
732 2607 884 2664 enim
904 2605 1262 2684 Cyrysippus
1279 2607 1596 2665 concedens
1613 2607 1902 2664 adsensio-

214 2687 305 2742 nis
332 2686 653 2762 proximam
676 2692 734 2744 et
755 2686 1147 2744 continentem
1170 2706 1398 2744 causam
1427 2706 1547 2744 esse
1568 2687 1628 2743 in
1656 2688 1780 2744 viso
1803 2707 1902 2763 po-

215 2766 384 2822 sitam
413 2785 538 2823 eam
566 2786 793 2823 causam
822 2766 896 2823 ad
916 2766 1356 2824 adsentiendum
1379 2767 1748 2824 necessariam
1776 2787 1902 2825 esse

215 2845 506 2914 concedet,
529 2853 609 2917 ut,
631 2847 679 2903 si
698 2846 892 2903 omnia
909 2846 1033 2903 fato
1051 2845 1209 2917 fiant,
1232 2847 1427 2903 omnia
1442 2846 1582 2903 fiant
1605 2847 1786 2903 causis
1804 2866 1902 2903 an-

213 2922 608 2980 tecedentibus
652 2933 709 2982 et
750 2926 1093 2997 necessariiS‚
1126 2928 1380 3003 itemque
1420 2927 1517 2995 illi,
1551 2928 1649 3003 qui
1682 2926 1753 2983 ab
1788 2926 1902 2985 hoc

215 3001 576 3070 dissentiunt,
594 3003 929 3061 confitentes
946 3023 1063 3061 non
1083 3006 1206 3064 fieri
1221 3007 1585 3063 adsensiones
1604 3007 1725 3063 sine
1741 3026 1905 3083 prae-

216 3079 474 3135 cursione
515 3081 784 3152 visorum,
816 3082 1024 3153 dicent,
1057 3086 1106 3141 si
1141 3087 1335 3143 omnia
1367 3088 1490 3144 fato
1532 3086 1735 3145 fierent
1775 3088 1904 3146 eius

217 3156 393 3223 modi,
423 3163 489 3213 ut
521 3159 664 3215 nihil
697 3159 857 3217 fieret
888 3162 1000 3219 nisi
1028 3167 1454 3240 praegressione
1488 3186 1703 3238 causac,
1729 3168 1904 3225 confi-

161 3301 219 3347 k
