2205 3431
216 149 279 195 92
664 144 762 193 DE
795 144 1094 194 NATURA
1126 144 1445 195 DEORUM.

216 246 469 305 confixae
491 247 780 305 venenatis
803 247 1039 323 sagittiS,
1055 245 1290 304 herbam
1316 265 1595 323 quaerere,
1614 266 1757 324 quae
1778 247 1892 306 dic-

215 334 444 384 tamnus
462 333 770 397 vocaretur,
788 345 958 403 quam
982 346 1114 383 cum
1132 327 1528 402 gustavissent,
1545 328 1780 402 sagittas
1802 347 1892 384 ex-

215 408 401 465 cidere
430 407 630 464 dicunt
652 426 682 463 e
711 425 962 483 corpore.
1044 407 1175 463 127.
1208 405 1530 482 Cervaeque
1558 406 1729 482 paulo
1759 415 1889 465 ante

213 494 441 564 partum
476 494 825 564 perpurgant
858 505 917 543 se
960 486 1206 562 quadam
1238 485 1489 556 herbula,
1516 505 1658 563 quae
1700 487 1890 544 seselis

215 567 439 624 dicitur.
525 566 647 623 Iam
677 566 774 622 illa
801 566 1099 636 cernimuS,
1126 573 1191 621 ut
1219 573 1417 622 contra
1443 566 1559 622 vim
1584 573 1641 623 et
1667 575 1886 623 metum

214 647 329 703 suis
357 666 416 703 se
445 646 615 702 armis
639 665 894 722 quaeque
916 645 1205 702 defendat.
1274 644 1559 702 Cornibus
1581 647 1743 717 tauri,
1765 646 1888 722 apri

212 726 497 796 dentibus,
517 744 711 782 morsu
739 725 947 796 leoneS‚
966 725 1107 782 aliae
1129 725 1271 801 fuga
1297 744 1371 795 se,
1393 724 1533 782 aliae
1563 725 1888 783 occultatio-

212 825 284 863 ne
312 812 586 875 tutantur,
612 805 913 862 atramenti
942 805 1221 861 effusione
1256 804 1493 880 saepiae,
1517 811 1748 881 torpore
1774 813 1890 862 tor-

210 885 464 962 pedineS,
489 884 702 941 multae
736 884 908 941 etiam
942 885 1285 941 insectantes
1319 883 1511 941 odoris
1544 884 1887 942 intolerabili

211 965 490 1022 foeditate
532 963 839 1041 depellunt.
926 963 1017 1021 LI.
1055 963 1143 1022 Ut
1176 983 1308 1021 vero
1342 970 1652 1040 perpetuus
1684 965 1889 1022 mundi

209 1052 358 1101 esset
386 1050 632 1114 ornatuS,
658 1063 867 1120 magna
898 1042 1157 1101 adhibita
1189 1063 1323 1100 cura
1356 1051 1442 1100 est
1469 1063 1502 1100 a
1528 1044 1889 1119 providentia

209 1125 464 1194 deorum,
489 1130 554 1181 ut
583 1143 806 1200 semper
839 1130 1026 1181 essent
1059 1130 1118 1180 et
1144 1123 1452 1180 bestiarum
1480 1143 1689 1199 genera
1721 1132 1780 1181 et
1806 1144 1888 1181 ar-

208 1203 413 1261 borum
444 1204 816 1280 omniumque
842 1223 1049 1274 rerum,
1069 1222 1213 1280 quae
1236 1222 1269 1259 a
1289 1211 1436 1260 terra
1463 1203 1735 1280 stirpibus
1757 1223 1888 1261 eon-

208 1284 536 1341 tinerentur.
603 1282 760 1352 Quae
784 1283 1014 1360 quidem
1038 1284 1233 1340 omnia
1254 1302 1378 1340 eam
1401 1284 1516 1340 vim
1540 1284 1772 1340 seminis
1793 1284 1888 1341 ha·

207 1363 346 1421 bent
374 1364 433 1420 in
468 1383 543 1434 se,
565 1371 629 1420 ut
658 1383 727 1420 ex
761 1383 876 1421 uno
910 1364 1074 1440 plura
1101 1370 1459 1439 generentur,
1484 1363 1658 1440 idque
1693 1383 1886 1421 semen

206 1443 488 1501 inclusum
519 1449 604 1501 est
625 1444 683 1500 in
707 1444 913 1500 intima
939 1449 1098 1519 parte
1128 1462 1321 1500 earum
1345 1442 1626 1514 bacarum,
1645 1462 1789 1520 quae
1817 1463 1886 1500 ex

208 1542 431 1600 quaque
461 1523 635 1600 stirpe
663 1523 1001 1592 funduntur,
1021 1522 1340 1599 iisdemque
1369 1523 1680 1580 seminibus
1709 1531 1767 1580 et
1786 1523 1887 1580 ho-

205 1603 671 1660 minesadfatim
706 1610 1012 1660 vescuntur
1053 1610 1111 1659 et
1142 1609 1324 1660 terrae
1366 1603 1616 1660 eiusdem
1661 1603 1885 1679 generis

206 1683 470 1761 stirpium
498 1684 866 1741 renovatione
894 1682 1268 1761 complentur.
1343 1688 1471 1740 128.
1504 1682 1658 1752 Quid
1687 1683 1887 1760 loquar

205 1772 419 1840 quanta
445 1764 591 1821 ratio
619 1765 680 1820 in
710 1764 906 1821 bestiis
935 1763 1007 1820 ad
1030 1770 1363 1840 perpetuam
1396 1764 1884 1821 conservationem

205 1863 396 1900 earum
425 1844 648 1920 generis
676 1845 982 1920 appareat?
1052 1843 1203 1900 Nam
1232 1844 1483 1920 primum
1512 1843 1652 1901 aliae
1680 1863 1879 1915 mareS,

171 1985 176 1991 .
205 1922 345 1981 aliae
368 1924 616 1980 feminae
645 1932 794 1994 sunt,
816 1923 972 1999 quod
993 1924 1391 1999 perpetuitatis
1412 1942 1580 1981 causa
1598 1924 1884 1981 machina-

205 2011 265 2060 ta
291 2010 494 2060 natura
526 2011 625 2060 est.
711 2003 937 2060 Deinde
966 2010 1157 2079 partes
1190 2004 1443 2080 corporis
1477 2011 1535 2061 et
1563 2004 1636 2060 ad
1663 2023 1885 2080 procre-

204 2083 417 2140 andum
447 2089 505 2140 et
532 2083 606 2140 ad
634 2082 1073 2160 concipiendum
1105 2083 1432 2160 aptissimae
1466 2091 1526 2140 et
1553 2084 1612 2140 in
1641 2103 1795 2140 mare
1825 2092 1883 2142 et

203 2163 264 2219 in
298 2163 516 2220 femina
556 2163 1112 2221 commiscendorum
1141 2170 1449 2239 corporum
1486 2163 1661 2221 mirae
1696 2162 1883 2221 libidi-

203 2262 318 2301 nes,
365 2242 374 2251 ⁶
403 2243 550 2300 Cum
594 2250 785 2300 autem
821 2245 881 2301 in
914 2243 1056 2301 locis
1098 2262 1292 2300 semen
1326 2243 1553 2314 insedit,
1576 2245 1727 2320 rapit
1765 2263 1884 2301 om-

202 2342 331 2380 nem
356 2323 476 2381 fere
498 2322 688 2380 cibum
719 2323 792 2379 ad
814 2343 933 2380 sese
962 2343 1144 2400 eoque
1166 2330 1427 2399 saeptum
1450 2322 1617 2399 fingit
1637 2324 1843 2381 animal
1866 2343 1879 2381 τ

203 2403 358 2479 quod
386 2422 514 2460 cum
552 2423 620 2460 ex
649 2410 811 2460 utero
846 2403 1097 2480 elapsum
1137 2403 1365 2472 excidit,
1389 2403 1450 2459 in
1479 2403 1550 2459 iis
1582 2403 1883 2460 animanti-

200 2483 323 2553 bus,
347 2502 489 2560 quae
512 2483 656 2540 lacte
684 2483 930 2554 aluntur,
950 2483 1139 2540 omnis
1161 2483 1280 2539 fere
1309 2483 1469 2539 cibus
1497 2488 1747 2539 matrum
1774 2483 1880 2540 lac-

200 2569 412 2620 tescere
434 2563 656 2639 incipit,
676 2581 870 2639 eaque,
892 2575 1036 2640 quae
1064 2562 1237 2639 paulo
1267 2569 1397 2619 ante
1427 2569 1561 2620 nata
1589 2569 1737 2633 sunt,
1760 2563 1881 2620 sine

198 2643 490 2719 magistre,
517 2643 660 2700 duce
699 2650 915 2712 natura,
941 2662 1220 2699 mammas
1259 2650 1541 2719 appetunt
1575 2661 1881 2720 earumque

200 2722 458 2780 ubertate
488 2729 824 2780 saturantur.
894 2722 1089 2800 Atque
1112 2730 1177 2779 ut
1199 2722 1595 2798 intellegamus
1616 2722 1759 2779 nihil
1782 2723 1883 2779 ho-

200 2821 324 2858 rum
362 2821 481 2860 esse
514 2802 819 2859 fortuitum
856 2809 913 2859 et
940 2802 1078 2859 haec
1109 2803 1303 2859 omnia
1336 2822 1456 2859 esse
1490 2821 1664 2879 opera
1695 2803 1882 2880 provi-
1943 2818 1946 2819 ’

200 2881 306 2938 dae
346 2881 700 2958 sollertisque
733 2889 983 2952 naturae,
1010 2901 1155 2959 quae
1187 2881 1534 2959 multiplices
1567 2883 1721 2939 fetus
1753 2902 1882 2959 pro-

200 2967 408 3029 creant,
445 2967 511 3018 ut
555 2980 697 3031 sueS‚
733 2968 800 3017 ut
843 2981 1025 3030 caneS,
1061 2961 1152 3018 his
1195 2980 1573 3019 mammarum
1620 2962 1754 3019 data
1794 2970 1881 3021 est

199 3040 529 3110 multitudO,
556 3059 694 3116 quas
736 3041 961 3098 easdem
1003 3060 1212 3117 paucas
1252 3041 1466 3099 habent
1508 3062 1604 3100 eae
1645 3042 1877 3113 bestiae,

201 3139 344 3197 quae
366 3138 547 3197 pauca
567 3120 829 3195 gignunt.
902 3126 1031 3178 129.
1058 3119 1213 3189 Quid
1234 3122 1421 3179 dicam
1445 3130 1692 3199 quantus
1720 3143 1881 3181 amor

200 3200 512 3257 bestiarum
546 3199 709 3256 sitin
744 3198 1052 3257 educandis
1085 3202 1589 3279 custodiendisque
1623 3204 1709 3275 iis,
1735 3223 1879 3282 quae
