2205 3431
210 111 305 157 242
732 108 829 156 DE
864 108 1362 159 DIVINATIONE.

210 210 258 267 ti
301 209 496 286 potius
538 227 710 285 quam
752 209 1058 266 dormienti
1091 210 1288 268 daret?
1370 211 1555 269 LXII.
1603 212 1723 269 Iam
1758 233 1892 271 vero

212 289 340 366 quis
361 288 547 346 dicere
576 288 782 345 audeat
802 308 934 346 vera
956 291 1150 346 omnia
1173 309 1290 347 esse
1314 292 1572 349 somnia?
1645 292 1892 366 Aliquot

211 368 431 425 somnia
459 388 605 440 vera,
629 369 821 445 inquit
841 368 1078 440 EnniUS,
1105 371 1199 426 sed
1220 371 1412 426 omnia
1433 390 1546 427 non
1567 380 1646 428 est
1667 391 1888 430 necesse.

212 447 369 516 Quae
399 456 485 505 est
512 448 745 505 tandem
773 448 884 505 ista
911 449 1245 507 distinctio?
1280 470 1424 526 quae
1445 470 1591 520 vera,
1619 471 1762 528 quae
1791 452 1897 509 fal-

212 547 275 585 sa
313 526 518 585 habet?
600 528 677 585 Et
718 528 765 584 si
808 547 940 585 vera
971 549 1005 585 a
1038 529 1148 586 deo
1192 530 1518 601 mittuntur,
1554 530 1699 588 falsa
1739 533 1893 589 unde

212 608 555 665 nascuntur?
637 607 788 663 Nam
830 608 878 663 si
911 627 978 665 ea
1012 628 1241 685 quoque
1283 610 1492 681 divina,
1526 611 1665 688 quid
1698 612 1894 668 incon-

213 687 456 744 stantius
493 687 635 744 deo?
677 687 817 763 quid
845 687 1106 744 inscitius
1132 696 1325 746 autem
1354 696 1441 747 est
1471 710 1640 767 quam
1668 698 1894 748 mentes

210 766 538 824 mortalium
561 765 720 823 falsis
747 774 806 824 et
826 767 1198 824 mendacibus
1223 769 1360 826 visis
1388 771 1708 829 concitare?
1790 770 1894 827 Sin

212 867 344 904 vera
377 846 497 903 visa
529 845 723 919 divina
750 854 900 918 sunt,
923 847 1070 904 falsa
1096 855 1289 905 autem
1316 856 1376 907 et
1402 850 1596 907 inania
1622 851 1890 920 humana,

214 946 359 1004 quae
406 936 494 983 est
536 926 647 983 ista
683 925 1024 1003 designandi
1059 927 1308 999 licentia,
1339 937 1405 986 ut
1443 930 1552 987 hoc
1594 931 1748 1000 deus,
1781 930 1893 987 hoc

212 1014 415 1078 natura
440 1006 642 1063 fecerit
662 1007 856 1080 potius
885 1026 1055 1083 quam
1085 1016 1187 1065 aut
1214 1009 1410 1066 omnia
1436 1009 1591 1081 deus,
1619 1009 1774 1086 quod
1800 1029 1898 1066 ne-

212 1088 377 1163 gatiS,
398 1093 498 1143 aut
525 1086 719 1142 omnia
737 1088 976 1145 natura?
1019 1088 1175 1163 quod
1198 1089 1469 1166 quoniam
1490 1089 1634 1147 illud
1653 1090 1894 1166 negatis,

213 1168 325 1224 hoc
357 1166 671 1224 necessario
706 1166 1095 1224 confitendum
1131 1175 1232 1226 est.
1321 1175 1451 1226 128.
1489 1168 1768 1226 Naturam
1801 1189 1899 1225 au-

213 1255 333 1304 tem
362 1266 486 1304 eam
515 1247 664 1318 dico,
685 1265 798 1323 qua
824 1266 1138 1325 numquam
1173 1249 1398 1306 animus
1425 1249 1692 1305 insistens
1720 1249 1899 1325 agita-

213 1328 373 1384 tione
408 1333 466 1384 et
498 1332 663 1384 motu
696 1346 817 1383 esse
850 1346 1060 1384 vacuus
1086 1334 1294 1404 potest.
1379 1327 1437 1384 Is
1465 1348 1596 1385 cum
1624 1327 1898 1405 languore

215 1407 470 1483 corporis
499 1426 603 1463 nec
631 1406 903 1464 membris
930 1408 1017 1464 uti
1045 1427 1151 1464 nec
1181 1407 1439 1465 sensibus
1459 1414 1666 1484 potest,
1691 1408 1900 1465 incidit

216 1488 276 1544 in
306 1487 427 1544 visa
453 1487 608 1543 varia
634 1493 693 1542 et
714 1487 929 1543 incerta
956 1506 1026 1543 ex
1053 1487 1324 1563 reliquiiS‚
1347 1494 1414 1544 nt
1435 1488 1516 1544 ait
1536 1487 1895 1557 AristoteleS,

216 1566 643 1624 inhaerentibus
671 1586 864 1623 earum
885 1585 1091 1637 rerum,
1118 1586 1256 1643 quas
1276 1566 1518 1643 vigilans
1539 1567 1777 1642 gesserit
1798 1575 1900 1624 aut

217 1647 571 1724 cogitaverit.
655 1646 910 1714 Quarum
947 1646 1376 1723 perturbatione
1407 1646 1695 1704 mirabiles
1728 1647 1901 1704 inter-

217 1729 357 1786 dum
392 1728 672 1785 exsistunt
701 1727 915 1803 species
949 1728 1319 1784 somniorum.
1397 1726 1556 1795 Quae
1585 1727 1633 1784 si
1660 1727 1771 1784 alia
1797 1728 1902 1784 fal-

217 1829 296 1878 sa,
326 1808 436 1865 alia
477 1827 622 1876 vera,
655 1827 766 1884 qua
798 1814 938 1864 nota
969 1807 1428 1864 internoscantur
1461 1807 1602 1864 scire
1636 1826 1769 1865 sane
1810 1826 1903 1864 ve·

218 1889 336 1945 lim.
421 1887 485 1944 Si
516 1886 672 1943 nulla
713 1893 814 1955 est,
846 1886 985 1963 quid
1018 1887 1160 1943 istos
1193 1887 1534 1963 interpretes
1567 1886 1902 1943 audiamus?

219 1969 322 2025 Sin
353 1967 651 2044 quaepiam
682 1973 783 2034 est,
805 1966 984 2023 haveo
1013 1966 1209 2024 audire
1239 1986 1382 2043 quae
1404 1966 1493 2024 sit.
1579 1965 1693 2023 Sed
1714 1966 1906 2023 haere-

219 2048 380 2104 bunt.
465 2046 681 2103 LXIII.
770 2052 900 2103 129.
946 2046 1128 2104 Venit
1161 2047 1314 2104 enim
1347 2047 1461 2103 iam
1491 2046 1552 2102 in
1586 2047 1907 2103 contentio·

220 2147 352 2185 nem
380 2134 574 2184 utrum
604 2127 678 2183 sit
706 2125 1074 2202 probabilius»,
1095 2127 1308 2183 deosne
1336 2125 1687 2183 immortales
1713 2144 1904 2182 rerum

219 2208 479 2266 omnium
514 2206 861 2283 praestantia
901 2205 1237 2263 excellentes
1279 2224 1609 2263 concursare
1644 2205 1907 2262 omnium

220 2287 566 2356 mortalium,
593 2287 691 2363 qui
720 2285 931 2362 ubique
961 2293 1112 2356 sunt,
1138 2306 1255 2343 non
1282 2286 1459 2342 modo
1488 2285 1682 2356 lectOS,
1706 2304 1907 2342 verum

220 2369 395 2425 etiam
436 2367 720 2444 grabatOS,
752 2373 826 2436 et,
858 2385 989 2423 cum
1032 2372 1334 2423 stertentes
1374 2365 1596 2441 aliquos
1636 2365 1905 2432 viderint,

221 2449 446 2506 obicere
480 2446 571 2502 his
614 2447 733 2503 visa
775 2445 1056 2522 quaedam
1087 2453 1348 2506 tortuosa
1381 2452 1439 2502 et
1474 2444 1728 2515 obscura,
1762 2464 1909 2521 quae

222 2528 307 2585 illi
340 2527 594 2585 exterriti
631 2527 856 2583 somnio
889 2525 963 2581 ad
996 2526 1379 2582 coniectorem
1411 2543 1579 2582 mane
1622 2524 1906 2594 deferant,

222 2628 295 2665 an
341 2615 543 2664 natura
582 2605 720 2676 fieri,
750 2612 818 2662 ut
860 2604 1151 2662 mobiliter
1191 2606 1415 2661 animus
1460 2605 1708 2680 agitatus
1752 2604 1912 2680 quod

223 2688 465 2762 vigilans
515 2686 724 2743 viderit
765 2685 1055 2742 dormiens
1095 2685 1288 2741 videre
1331 2683 1605 2742 videatur.
1689 2682 1910 2741 Utrum

223 2766 592 2843 philosophia
625 2766 834 2841 dignus
868 2784 1132 2841 sagarum
1166 2764 1567 2840 superstitione
1603 2764 1713 2820 ista
1739 2764 1916 2820 inter-

224 2847 436 2922 pretari
470 2866 541 2902 an
577 2844 956 2920 explicatione
989 2846 1261 2901 naturae?
1303 2851 1384 2914 ut,
1411 2844 1457 2900 si
1485 2844 1601 2900 iam
1630 2843 1752 2899 fieri
1780 2862 1914 2919 pos-

226 2926 302 2980 sit
337 2943 466 2980 vcra
498 2925 823 2980 coniectura
855 2924 1227 2993 somniorum,
1252 2931 1446 2980 tamen
1473 2924 1586 2993 isti,
1613 2923 1711 2999 qui
1741 2923 1913 3000 profi-

226 3010 435 3071 tentur,
467 3022 592 3058 eam
633 3002 818 3059 facere
852 3022 968 3058 non
1002 3004 1259 3079 possint:
1323 3023 1391 3061 ex
1425 3002 1712 3060 levissimo
1754 3004 1912 3060 enim

228 3088 287 3137 et
320 3080 714 3137 indoctissimo
758 3099 964 3154 genere
1008 3089 1288 3139 constant.
1375 3082 1557 3140 Stoici
1589 3090 1781 3140 autem
1822 3084 1913 3141 tui

228 3167 442 3234 negant
476 3177 820 3234 quemquam
849 3160 959 3215 nisi
990 3161 1301 3235 sapientem
1340 3161 1601 3219 divinum
1634 3182 1754 3221 esse
1781 3182 1914 3238 pos-
