2205 3431
206 104 300 150 214
720 102 819 150 DE
857 100 1357 151 DIVINATIONE.

204 202 310 273 dit,
341 202 402 259 id
436 207 485 258 si
518 202 722 272 evenit,
754 209 1045 260 ostentum
1079 221 1200 259 esse
1238 208 1447 259 censet.
1531 199 1748 260 Utrum
1780 202 1890 278 igi-

204 288 315 351 tur,
346 301 477 338 cum
522 282 786 358 concepit
829 282 986 339 mula
1025 301 1099 338 an
1142 301 1273 339 cum
1315 281 1555 358 peperit,
1593 289 1886 339 ostentum
1917 293 1921 299 ’

204 363 328 419 est?
410 369 503 419 50.
547 361 867 438 Conceptio
923 370 1123 418 contra
1175 369 1438 418 naturam
1485 361 1744 431 fortasse,
1786 362 1890 419 sed

204 448 400 518 partus
434 460 612 518 prope
645 441 1004 498 necessarius·
1088 440 1322 499 XXIII.
1367 440 1482 498 Sed
1516 440 1656 517 quid
1688 441 1890 518 plura?

204 532 396 578 ortum
426 521 719 578 videamus
745 520 1173 597 haruspicinae:
1217 521 1297 577 sic
1325 520 1596 577 facillime
1626 521 1766 598 quid
1793 520 1891 578 ha-

204 600 338 657 beat
374 600 730 658 auctoritatis
763 600 1161 658 iudicabimus
1245 600 1431 676 Tages
1474 601 1707 677 quidam
1751 600 1891 658 dici-

204 688 300 737 tur
330 681 391 737 in
425 699 563 756 agro
604 679 1018 756 Tarquiniensi,
1051 699 1183 736 011111
1216 687 1366 737 terra
1399 687 1649 737 araretur
1689 687 1748 737 et
1780 680 1891 736 sul-

205 780 305 816 cus
338 760 508 817 altius
542 765 690 816 esset
721 759 1046 835 imprcssuS,
1079 760 1361 816 exstitisse
1394 768 1629 836 repente
1663 765 1722 816 et
1755 779 1889 816 eum

203 840 435 896 adfatus
463 858 599 909 esse,
625 839 726 915 qui
747 839 957 896 arabat,
1041 839 1100 896 Is
1122 846 1313 897 autem
1335 839 1536 916 Tages,
1560 839 1706 896 utin
1727 838 1890 895 libris

205 926 294 976 est
325 919 713 988 Etruscorum,
744 919 949 995 puerili
988 919 1177 994 specie
1211 919 1423 976 dicitur
1455 919 1625 989 visuS,
1658 917 1757 975 sed
1806 939 1891 975 se-

205 999 310 1055 nili
343 999 520 1055 fuisse
553 998 873 1075 prudentia.
959 998 1098 1056 Eius
1132 1006 1367 1076 aspectu
1408 1018 1540 1056 cum
1581 998 1892 1074 obstipuis—

206 1086 293 1135 set
320 1077 602 1135 bubulcus
635 1078 1056 1154 clamoremque
1088 1080 1368 1136 maiorem
1401 1098 1533 1135 cum
1562 1078 1891 1135 admiratio-

207 1178 279 1215 ne
308 1157 597 1228 edidisset,
622 1176 961 1215 concursum
996 1177 1117 1215 esse
1150 1160 1371 1215 factum
1404 1165 1700 1235 totamque
1729 1157 1889 1215 brevi

206 1245 466 1315 tempore
499 1238 560 1294 in
595 1257 726 1295 eum
754 1238 946 1295 locum
976 1237 1263 1295 Etruriam
1300 1238 1646 1309 convenisse,
1670 1245 1794 1294 tum
1826 1237 1892 1293 il-

207 1317 328 1374 lum
372 1318 537 1394 plura
579 1317 837 1375 locutum
888 1317 1084 1374 multis
1134 1318 1515 1387 audientibUS,
1548 1318 1647 1394 qui
1694 1318 1891 1374 omnia

207 1398 330 1454 eius
373 1398 542 1455 verba
575 1398 901 1473 exceperint
933 1398 1252 1474 litterisque
1295 1398 1724 1454 mandaverint:
1770 1417 1893 1454 om-

208 1497 342 1534 nem
376 1486 566 1534 autem
611 1477 928 1535 orationem
963 1479 1141 1535 fuisse
1175 1497 1317 1547 eam,
1350 1496 1463 1554 qua
1494 1477 1891 1553 haruspicinae

207 1557 512 1634 disciplina
551 1559 969 1614 contineretur:
1027 1577 1152 1614 eam
1196 1565 1399 1634 postea
1438 1557 1679 1614 crevisse
1720 1557 1891 1613 rebus

208 1638 373 1694 novis
414 1638 825 1713 cognoscendis
860 1645 918 1695 et
951 1637 1023 1693 ad
1058 1637 1256 1694 eadem
1292 1636 1389 1694 illa
1420 1636 1704 1712 principia
1744 1637 1891 1694 refe-

208 1719 415 1775 rendis,
502 1718 660 1775 Haec
694 1718 1017 1794 accepimus
1050 1718 1122 1774 ab
1158 1718 1311 1793 ipsis,
1337 1718 1475 1774 haec
1510 1719 1722 1793 scripta
1756 1736 1890 1774 con-

208 1804 451 1867 servant,
475 1797 629 1854 hunc
655 1798 880 1855 fontem
912 1798 1125 1854 habent
1153 1797 1501 1874 disciplinae.
1590 1804 1681 1854 51.
1729 1796 1890 1853 Num

208 1897 346 1953 ergo
396 1897 541 1952 opus
589 1884 676 1934 est
719 1877 792 1933 ad
836 1877 974 1935 haec
1023 1877 1333 1935 refellenda
1380 1876 1708 1934 Carneade?
1747 1896 1890 1933 num

210 1957 497 2033 Epicuro?
578 1956 754 2024 Estne
794 1957 1094 2034 quisquam
1130 1958 1212 2014 ita
1244 1958 1530 2033 desipiens
1564 1957 1664 2033 qui
1697 1957 1893 2014 credat

209 2044 502 2093 exaratum
531 2056 649 2093 esse
679 2037 850 2093 deum
880 2038 1067 2095 dicam
1096 2057 1166 2094 an
1197 2038 1528 2094 hominem?
1610 2036 1673 2093 Si
1695 2037 1887 2107 deum,

209 2136 311 2173 cur
355 2136 414 2173 se
459 2123 658 2173 contra
700 2124 960 2173 naturam
1003 2118 1063 2174 in
1106 2124 1313 2175 terram
1358 2117 1599 2187 abdidit,
1631 2123 1696 2173 ut
1736 2123 1895 2193 pate-

210 2198 399 2254 factus
431 2204 619 2253 aratro
652 2196 837 2254 lucem
873 2198 1187 2274 aspiceret?
1268 2196 1460 2265 Quid?
1509 2197 1663 2253 idem
1698 2216 1892 2253 nonne

210 2284 438 2352 poterat
467 2277 606 2334 deus
634 2275 966 2334 hominibus
994 2277 1355 2353 disciplinam
1386 2277 1674 2353 superiore
1703 2295 1733 2333 e
1762 2275 1892 2333 loco

211 2357 470 2414 tradere?
551 2356 613 2413 Si
663 2363 855 2413 autem
895 2356 1073 2414 homo
1115 2357 1210 2415 ille
1251 2357 1435 2432 Tages
1477 2357 1607 2426 fuit,
1641 2375 1890 2434 quonam

212 2438 388 2494 modo
419 2437 612 2514 potuit
638 2444 788 2493 terra
821 2456 1124 2514 oppressus
1151 2437 1374 2494 vivere?
1418 2437 1568 2494 unde
1596 2455 1768 2512 porro
1798 2436 1895 2493 illa

211 2518 421 2593 potuit,
448 2536 592 2595 quae
626 2516 869 2573 docebat
901 2517 1059 2588 alios,
1089 2517 1213 2593 ipse
1248 2516 1551 2573 didicisse?
1634 2515 1748 2573 Sed
1782 2535 1893 2591 ego

211 2597 574 2674 insipientior
608 2616 779 2673 quam
813 2596 898 2653 illi
930 2597 1059 2673 ipsi,
1086 2597 1186 2673 qui
1218 2596 1330 2653 ista
1360 2596 1617 2665 credunt,
1643 2595 1741 2672 qui
1772 2596 1895 2672 qui-

212 2676 346 2733 dem
391 2684 589 2734 contra
617 2696 715 2734 eos
748 2683 866 2732 tam
903 2676 1004 2733 diu
1037 2677 1344 2754 disputem.
1429 2675 1658 2733 XXIV.
1704 2675 1895 2732 Vetus

212 2763 404 2813 autem
434 2758 576 2815 illud
606 2756 843 2814 Catonis
871 2756 1184 2813 admodum
1213 2757 1420 2813 scitum
1449 2763 1551 2825 est,
1579 2755 1677 2832 qui
1698 2754 1895 2811 mirari

213 2855 273 2892 se
302 2836 489 2893 aicbat
517 2837 673 2913 quod
696 2856 810 2892 non
833 2836 1044 2893 rideret
1063 2836 1363 2912 haruspex,
1384 2836 1740 2912 haruspicem
1759 2854 1894 2891 cum

213 2914 464 2971 vidisset.
552 2921 643 2971 52.
691 2914 881 2982 Quota
914 2916 1069 2972 enim
1105 2935 1361 2993 quaeque
1394 2935 1483 2973 res
1516 2915 1706 2972 evenit
1737 2933 1897 2991 prae-

214 2993 371 3048 dicta
407 2993 478 3049 ab
514 2993 673 3050 istis?
721 3001 821 3050 aut
855 2996 902 3051 si
937 2996 1127 3052 evenit
1162 2996 1474 3072 quippiam,
1507 2995 1647 3071 quid
1681 2995 1897 3052 adferri

214 3077 409 3146 potest
441 3091 541 3128 cur
574 3091 688 3127 non
719 3091 849 3129 casu
878 3074 940 3131 id
969 3076 1256 3133 evenerit?
1336 3076 1460 3133 Rex
1488 3075 1736 3144 PrusiaS,
1761 3094 1896 3132 cum

214 3149 529 3207 Hannibali
570 3151 724 3226 apud
765 3169 897 3208 eum
939 3153 1222 3213 exsulanti
1262 3155 1579 3233 depugnari
1628 3155 1895 3233 placeret,
