2205 3431
238 105 336 150 250
758 100 856 149 DE
890 101 1387 152 DIVINATIONE.

236 199 556 271 restitisset,
584 201 739 259 haud
781 202 898 259 scio
940 221 1013 258 an
1046 202 1154 258 soli
1184 203 1299 258 iam
1334 200 1664 278 philosophi
1705 200 1915 259 iudica-

236 287 449 338 rentur.
533 280 681 338 Cum
725 281 931 358 quibus
973 282 1162 338 omnis
1203 281 1323 338 fere
1364 280 1532 336 nobis
1574 281 1913 358 disceptatio

238 360 644 438 contentioque
687 368 788 431 est,
819 380 937 417 non
981 361 1137 437 quod
1170 380 1268 417 eos
1299 361 1548 417 maxime
1590 366 1916 417 contemna-

238 459 381 509 ωας,
408 440 507 497 sed
553 440 707 517 quod
753 441 1023 497 videntur
1064 439 1388 497 acutissime
1434 440 1743 496 sententias
1788 459 1915 497 suas

238 519 790 596 prudentissimeque
819 519 1140 577 defendere.
1225 519 1374 576 Cum
1402 525 1595 575 autem
1618 520 1914 595 proprium
1963 519 1971 526 ’

240 600 316 656 sit
348 598 725 656 Academicae
757 599 1035 656 iudicium
1079 618 1245 655 suum
1279 599 1500 655 nullum
1534 598 1912 674 interponere,

239 698 306 735 ea
345 679 601 754 probare,
634 698 777 755 quae
820 678 1110 736 simillima
1150 678 1268 735 veri
1308 678 1624 748 videantur,
1657 678 1916 735 conferre

239 777 433 815 causas
462 766 520 815 et
549 759 689 835 quid
716 759 777 815 in
807 777 1092 835 quamque
1121 757 1463 814 sententiam
1486 757 1600 814 dici
1622 757 1804 833 possit
1826 777 1917 814 ex-

239 857 515 913 promere,
545 838 700 895 nulla
732 838 990 895 adhibita
1023 857 1125 894 sua
1152 837 1488 894 auctoritate
1516 836 1794 894 iudicium
1822 855 1918 893 au-

240 917 523 974 dientium
555 918 868 994 relinquere
897 919 1185 994 integrum
1220 936 1283 974 ac
1313 917 1570 988 liberum,
1595 914 1917 973 tenebimus

239 996 386 1054 hanc
420 998 890 1055 consuetudinem
919 1018 952 1054 a
982 998 1214 1055 Socrate
1246 996 1538 1066 traditam,
1562 1014 1739 1071 eaque
1766 996 1919 1052 inter

239 1095 363 1150 nOS‚
393 1078 441 1135 si
474 1077 598 1149 tibi,
631 1078 843 1147 Quinte
876 1078 1068 1148 frater,
1093 1076 1356 1153 placebit,
1383 1095 1555 1152 quam
1589 1075 1917 1151 saepissime

241 1167 482 1216 utemur.
567 1158 713 1215 Mihi
745 1177 896 1228 ver0‚
922 1158 1112 1234 inquit
1144 1157 1254 1228 ille,
1278 1155 1422 1212 nihil
1457 1161 1648 1232 potest
1683 1173 1801 1212 esse
1835 1157 1916 1211 iu·

242 1236 499 1295 cundjus.
584 1237 741 1310 Quae
770 1257 900 1298 cum
930 1243 1118 1297 essent
1145 1236 1315 1309 dicta,
1340 1235 1699 1294 surreximus.
