2205 3431
540 116 679 165 LIB.
709 115 805 176 11.,
827 115 984 164 CAP.
1007 115 1421 177 xxm-XXV„
1445 116 1474 175 ἓ
1502 117 1681 166 49--55,
1860 120 1957 166 215

274 217 522 294 negabat
544 237 602 273 se
631 217 854 285 audere,
880 215 1036 293 quod
1057 222 1189 273 exta
1208 216 1593 292 prohiberent.
1674 217 1708 244 “
1724 216 1821 274 An
1842 225 1906 275 tu
1921 217 1956 245 ”

274 297 467 374 inquit
497 296 530 324 “
550 296 883 354 carunculae
912 295 1186 353 vitulinae
1213 297 1395 353 mavis
1424 316 1597 373 quam
1625 298 1959 373 imperatori

276 377 454 434 veteri
487 375 783 434 credere?”
868 375 1023 444 Quid
1055 376 1179 452 ipse
1213 375 1435 445 Caesar,
1468 395 1598 433 cum
1648 397 1682 433 a
1730 396 1957 434 summo

275 456 575 532 haruspice
616 461 959 526 moneretur,
1001 475 1073 512 ne
1115 456 1177 512 in
1216 454 1480 512 Africam
1522 462 1654 513 ante
1693 455 1957 513 brumam

275 536 702 604 transmitteret,
739 555 929 592 nonne
971 535 1326 592 transmisit?
1408 534 1579 603 Quod
1612 535 1674 592 ni
1706 536 1954 606 fecisset,

275 635 455 672 unum
490 617 549 672 in
581 616 772 672 locum
808 634 1007 671 omnes
1040 615 1489 672 adversariorum
1523 615 1723 691 copiae
1756 634 1958 673 conve-

275 696 508 752 nissent.
595 694 749 762 Quid
778 713 886 770 ego
914 694 1281 770 haruspicum
1309 713 1581 770 responsa
1614 714 1959 752 commemo-

276 794 712 851 rem—possum
741 774 1008 850 equidem
1032 773 1694 851 innumerabilia—quae
1716 781 1816 831 aut
1837 774 1959 831 nul-

275 855 361 912 los
391 854 711 911 habuerunt
738 854 924 911 exitus
952 860 1052 910 aut
1079 854 1430 911 contrarios?
1514 861 1605 911 53.
1643 855 1775 911 Hoc
1804 855 1958 911 civili

276 933 442 1003 benc,
465 935 525 991 di
547 933 929 991 immortales!
966 952 1139 1009 quam
1167 933 1350 990 multa
1371 934 1658 991 luserunt!
1695 953 1837 1010 quae
1860 954 1960 991 no-

276 1013 364 1069 bis
406 1015 464 1069 in
510 1013 807 1070 Graeciam
853 1012 1042 1069 Roma
1073 1032 1346 1089 responsa
1379 1013 1740 1089 haruspicum
1786 1015 1960 1070 missa

275 1100 426 1163 sunt,
458 1112 600 1170 quae
636 1093 788 1150 dicta
822 1093 1140 1169 Pompeio!
1224 1092 1455 1149 Etenim
1506 1093 1601 1150 illc
1643 1094 1957 1151 admodum

274 1173 421 1230 extis
455 1180 513 1229 et
546 1173 786 1230 ostentis
818 1172 1170 1229 movebatur.
1256 1171 1314 1228 N
1317 1193 1391 1229 on
1420 1172 1580 1230 lubet
1613 1192 1959 1230 commemo-

273 1272 396 1308 rare
431 1271 535 1309 nec
569 1271 701 1308 vero
735 1271 961 1308 necesse
996 1259 1098 1321 est,
1131 1251 1239 1308 tibi
1274 1253 1622 1328 praesertim,
1656 1254 1755 1328 qui
1789 1253 1959 1309 inter-

273 1332 455 1389 fuisti.
540 1331 722 1389 Vides
750 1338 940 1388 tamen
973 1332 1168 1387 omnia
1189 1332 1309 1388 fere
1339 1340 1538 1388 contra
1566 1351 1629 1388 ac
1659 1332 1814 1389 dicta
1843 1333 1958 1389 sint

274 1411 541 1468 evenisse.
628 1410 743 1468 Sed
770 1411 909 1468 haec
941 1411 1230 1467 hactenus,
1318 1410 1486 1467 Nunc
1519 1411 1592 1466 ad
1616 1418 1841 1468 ostenta
1868 1431 1958 1469 ve-

274 1492 514 1547 niamus.
598 1490 793 1548 XXV.
883 1496 975 1547 54.
1021 1490 1206 1546 Multa
1237 1510 1330 1546 me
1373 1490 1603 1547 consule
1637 1510 1672 1546 a
1702 1510 1795 1548 me
1831 1492 1956 1567 ipso

275 1573 487 1647 scripta
526 1570 793 1639 recitasti,
824 1570 1006 1626 multa
1046 1578 1179 1627 ante
1214 1570 1521 1626 Marsicum
1559 1569 1769 1627 bellum
1806 1590 1840 1627 a
1873 1571 1954 1627 Si-

274 1669 451 1707 senna
478 1650 716 1707 collecta
736 1649 995 1721 attulisti,
1016 1649 1200 1706 multa
1220 1657 1351 1706 ante
1375 1649 1956 1707 Lacedaemoniorum

273 1730 482 1787 malam
512 1750 765 1807 pugnam
795 1732 855 1787 in
886 1730 1143 1787 Leuctris
1172 1750 1205 1786 a
1237 1729 1585 1787 Callisthene
1614 1750 1958 1788 commemo-

274 1818 398 1867 rata
451 1811 662 1868 dixisti.
746 1810 838 1867 De
895 1810 1101 1887 quibus
1157 1810 1344 1866 dicam
1402 1810 1667 1887 equidem
1718 1810 1958 1887 singulis

276 1890 466 1966 quoad
499 1890 801 1958 videbitur,
828 1890 928 1947 sed
961 1890 1268 1947 dicendum
1304 1891 1476 1947 etiam
1512 1898 1598 1947 est
1632 1891 1703 1947 de
1737 1892 1958 1947 univer-

277 1972 366 2027 sis,
452 1968 609 2037 Quae
639 1977 724 2026 est
753 1970 902 2026 enim
934 1970 1046 2026 ista
1073 1989 1107 2026 a
1135 1970 1224 2026 dis
1246 1970 1508 2045 profecta
1529 1970 1870 2046 significatio
1900 1979 1958 2027 et

276 2050 438 2126 quasi
467 2050 826 2106 denuntiatio
855 2049 1283 2106 calamitatum?
1359 2048 1514 2117 Quid
1535 2058 1728 2107 autem
1756 2050 1958 2107 volunt

275 2150 342 2187 ea
369 2130 431 2186 di
459 2129 809 2186 immortales
837 2129 1088 2205 primum
1127 2128 1527 2205 significanteS‚
1555 2149 1697 2206 quae
1726 2130 1846 2187 sine
1875 2131 1958 2186 in-

274 2209 619 2286 terpretibus
646 2229 764 2266 non
791 2209 1079 2286 possimus
1098 2208 1444 2285 intellegere,
1468 2209 1676 2266 deinde
1705 2229 1786 2281 ea,
1813 2229 1957 2285 quac

274 2308 470 2346 cavere
518 2290 902 2366 nequeamus?
995 2287 1081 2345 At
1128 2288 1240 2346 hoc
1288 2308 1361 2345 ne
1409 2287 1674 2345 homines
1724 2289 1957 2365 quidem

274 2368 443 2445 probi
497 2370 736 2439 faciunt,
782 2375 848 2425 ut
901 2369 1100 2425 amicis
1155 2368 1554 2444 impendentes
1609 2368 1957 2425 calamitates

274 2448 621 2525 praedicant,
648 2467 786 2525 quas
820 2448 903 2506 illi
936 2449 1188 2524 effugere
1222 2448 1380 2504 nullo
1414 2448 1590 2514 modo
1626 2449 1866 2524 possint,
1892 2456 1958 2504 ut

274 2528 502 2600 medici,
541 2547 884 2605 quamquam
926 2528 1271 2604 intellegunt
1326 2547 1508 2604 saepe,
1544 2534 1737 2585 tamen
1794 2547 1957 2584 num-

276 2627 447 2684 quam
491 2609 673 2684 aegris
716 2609 914 2665 dicunt
947 2608 1047 2671 illo
1088 2608 1293 2665 morbo
1337 2627 1435 2665 eos
1477 2627 1596 2664 esse
1630 2607 1953 2664 moriturOS.

275 2688 482 2745 Omnis
517 2688 668 2744 enim
706 2688 1020 2764 praedictio
1054 2688 1193 2745 mali
1226 2694 1352 2744 tum
1385 2687 1676 2764 probatur,
1709 2706 1841 2743 cum
1884 2687 1958 2742 ad

275 2767 727 2844 praedictionem
769 2768 959 2824 cautio
1001 2768 1348 2843 adiungitur.
1438 2774 1530 2824 55.
1584 2766 1739 2835 Quid
1781 2767 1959 2842 igitur

275 2857 376 2904 aut
406 2855 631 2905 ostenta
657 2854 756 2904 aut
785 2867 982 2905 eorum
1003 2848 1344 2923 interpretes
1365 2846 1453 2904 vel
1477 2846 1958 2904 Lacedaemonios

277 2927 416 2984 olim
459 2927 547 2984 vel
580 2947 762 3003 nuper
794 2935 1021 2984 nostros
1063 2928 1439 2985 adiuverunt?
1521 2926 1679 2995 Quae
1714 2926 1763 2983 si
1796 2926 1958 3003 signa

275 3007 515 3064 deorum
543 3007 802 3083 putanda
828 3014 976 3077 sunt,
998 3026 1098 3063 cur
1126 3014 1246 3064 tam
1276 3007 1515 3064 obscura
1541 3008 1812 3065 fuerunt?
1894 3005 1956 3062 Si

276 3087 449 3157 enim,
475 3093 541 3143 ut
570 3086 1027 3163 intellegeremus
1056 3087 1197 3163 quid
1220 3093 1366 3144 esset
1387 3094 1738 3156 eventurum,
1763 3092 1957 3163 aperte

275 3166 550 3223 declarari
585 3167 904 3242 oportebat,
931 3173 1031 3224 aut
1058 3186 1132 3223 ne
1161 3166 1381 3224 occulte
1411 3167 1661 3242 quidem,
1687 3166 1735 3222 si
1763 3185 1830 3222 ea
1856 3165 1956 3221 sci-

1989 3229 2110 3308 f
