2205 3431
661 105 894 168 L113.1.,
915 106 1350 168 CAP.1X.-X1.‚
1375 107 1404 167 ς
1428 111 1608 158 22-28.
1917 114 1982 160 13

310 220 550 288 possunt.
570 208 689 268 esse
719 209 840 266 sine
868 228 1036 265 sensu
1065 215 1349 277 etmente,
1370 228 1470 266 cur
1497 229 1676 287 aquae
1700 204 1978 285 [mentem,

309 303 542 347 mentem
568 297 758 345 autem
779 286 985 366 aquae]
1009 288 1288 359 adiunxit,
1313 289 1362 347 si
1388 290 1512 366 ipsa
1532 309 1695 347 mens
1723 298 1983 348 constare

308 378 500 446 potest
527 389 732 427 vacans
760 370 1034 446 corpore?
1115 368 1531 427 Anaximandri
1560 378 1751 427 autem
1782 371 1981 448 opinio

309 458 395 508 est
421 452 647 508 nativos
675 468 795 507 esse
824 449 963 506 deos
992 449 1180 525 longis
1213 450 1524 507 intervallis
1558 451 1804 507 orientes
1838 451 1982 507 occi-

309 531 637 608 dentesque,
669 549 878 606 eosque
907 528 1351 586 innumerabiles
1380 548 1499 586 esse
1519 530 1781 587 mundos
1867 529 1982 586 Sed

308 630 412 667 nos
453 610 624 668 deum
667 610 779 666 nisi
822 610 1232 685 sempiternum
1279 609 1605 685 intellegere
1647 610 1747 685 qui
1786 629 1983 686 possu-

307 692 471 746 mus?
553 696 645 747 26.
671 690 816 746 Post
835 688 1225 746 Anaximenes
1252 695 1385 745 aera
1405 689 1574 746 deum
1606 690 1807 747 statuit
1829 709 1983 746 eum·

214 842 221 849 ⁶
307 788 416 844 que
443 770 606 845 gigni
635 788 868 846 esseque
896 769 1240 825 immensum
1269 777 1327 825 et
1354 768 1644 826 infinitum
1674 777 1731 826 et
1760 788 1983 846 semper

305 849 366 904 in
415 858 595 918 motu,
626 850 788 927 quasi
832 856 933 905 aut
980 853 1076 905 aer
1121 848 1242 906 sine
1286 849 1402 905 ulla
1445 850 1634 906 forma
1676 850 1816 906 deus
1860 869 1982 907 esse

304 929 502 1003 possit,
523 948 654 986 cum
689 928 1020 1005 praesertim
1064 928 1237 985 deum
1280 947 1396 985 non
1439 930 1614 985 modo
1655 929 1860 1005 aliqua,
1881 930 1982 986 sed

302 1008 684 1084 pulcherrima
716 1009 904 1085 specie
932 1009 1131 1065 deceat
1164 1027 1301 1078 esse,
1327 1016 1427 1065 aut
1459 1028 1573 1064 non
1605 1029 1791 1079 omne,
1825 1010 1982 1086 quod

304 1096 494 1144 ortum
523 1089 613 1159 sit,
635 1088 952 1145 mortalitas
980 1096 1373 1165 consequatur.
1452 1088 1556 1145 XI.
1595 1088 1735 1146 Inde
1759 1090 1983 1146 Anaxa-

302 1186 485 1243 goraS,
512 1169 610 1244 qui
638 1169 857 1245 accepit
885 1167 956 1224 ab
980 1168 1337 1225 Anaximene
1366 1168 1741 1244 disciplinam,
1762 1170 1983 1245 primus

304 1248 562 1304 omnium
596 1268 784 1305 rerum
814 1248 1257 1324 descriptionem
1293 1256 1351 1305 et
1385 1249 1619 1305 modum
1657 1250 1867 1305 mentis
1900 1250 1982 1305 in-

302 1325 496 1384 finitae
523 1328 581 1384 vi
623 1348 688 1385 ac
730 1329 951 1385 ratione
993 1327 1278 1404 designari
1322 1334 1381 1385 et
1422 1328 1624 1385 confici
1660 1329 1875 1385 voluit:
1919 1330 1980 1406 in

303 1425 417 1481 quo
445 1426 559 1463 non
584 1408 731 1464 vidit
758 1427 942 1484 neque
963 1415 1188 1465 motum
1218 1408 1407 1464 sensui
1428 1408 1686 1465 iunctum
1718 1417 1775 1465 et
1803 1405 1982 1465 conti-

301 1492 531 1543 nentem
573 1487 634 1543 in
676 1486 903 1544 infinito
944 1486 1123 1543 ullum
1160 1506 1280 1544 esse
1312 1506 1498 1564 posse,
1529 1506 1712 1564 neque
1752 1507 1980 1544 sensum

302 1567 553 1635 omnin0,
579 1586 694 1643 quo
723 1586 840 1623 non
868 1566 991 1644 ipsa
1018 1574 1220 1623 natura
1247 1567 1410 1643 pulsa
1436 1568 1685 1624 sentiret.
1754 1567 1982 1625 Deinde

301 1645 347 1701 si
390 1654 639 1703 mentem
682 1646 851 1703 istam
894 1647 1054 1724 quasi
1098 1646 1309 1703 animal
1351 1647 1584 1724 aliquod
1618 1647 1799 1704 voluit
1841 1667 1978 1718 esse,

300 1725 408 1782 erit
439 1726 656 1803 aliquid
684 1727 937 1796 interiuS,
958 1747 1028 1784 ex
1062 1747 1176 1804 quo
1206 1727 1349 1784 illud
1390 1728 1599 1784 animal
1632 1729 1976 1786 nominetur.

299 1805 454 1872 Quid
480 1815 671 1863 autem
695 1807 934 1864 interius
954 1817 1146 1864 mente
1165 1809 1186 1865 ἓ
1244 1808 1524 1883 Cingatur
1546 1808 1722 1884 igitur
1742 1828 1980 1885 corpore

298 1893 548 1944 externo.
578 1899 585 1930 ἱ
618 1889 710 1944 27.
749 1886 919 1955 Quod
950 1888 1220 1964 quoniam
1250 1906 1365 1943 non
1396 1888 1599 1964 placet,
1624 1896 1820 1964 aperta
1847 1890 1979 1945 sim-

297 1964 541 2044 plexque
584 1985 744 2023 mens
785 1966 941 2023 nulla
981 1986 1040 2024 re
1082 1967 1352 2024 adiuncta
1394 1987 1507 2043 qua
1547 1970 1756 2025 sentire
1793 1970 1978 2044 possit

297 2045 496 2120 fugere
537 2047 960 2122 intellegentiae
993 2054 1221 2104 nostrae
1254 2047 1372 2103 vim
1407 2055 1466 2104 et
1498 2048 1794 2104 notionem
1824 2050 1978 2106 vide-

296 2130 405 2181 tur.
491 2126 855 2184 Crotoniates
894 2133 1084 2183 autem
1116 2127 1410 2197 Alcman,
1436 2128 1534 2204 qui
1577 2128 1684 2184 soli
1718 2134 1775 2184 et
1809 2128 1977 2186 lunae

295 2204 639 2282 reliquisque
668 2206 949 2263 sideribus
975 2207 1282 2282 animoque
1301 2215 1592 2284 praeterea
1614 2208 1974 2265 divinitatem

295 2283 472 2351 dedit,
493 2305 607 2341 non
643 2286 820 2343 sensit
854 2306 974 2343 sese
1008 2286 1346 2343 mortalibus
1379 2286 1548 2343 rebus
1580 2287 1977 2345 immortalita-

294 2373 411 2420 tem
434 2364 584 2422 dare.
642 2364 793 2422 Nam
816 2365 1195 2442 PythagoraS,
1217 2367 1313 2442 qui
1336 2367 1558 2423 censuit
1578 2367 1834 2423 animum
1854 2356 2033 2444 ess‘e‘]

292 2463 395 2519 per
434 2464 508 2501 na
537 2465 571 2501 u
637 2465 695 2501 m
736 2465 924 2503 rerum
968 2465 1200 2503 omnem
1233 2447 1522 2503 intentum
1555 2455 1613 2504 et
1654 2466 1975 2505 commean-

290 2533 426 2594 tem,
452 2544 521 2580 ex
557 2545 671 2602 quo
701 2526 881 2582 nostri
915 2526 1093 2582 animi
1129 2533 1506 2602 carperentur,
1531 2545 1647 2582 non
1683 2527 1830 2584 vidit
1863 2527 1978 2584 dis-

290 2604 570 2661 tractione
599 2605 980 2662 humanorum
1016 2606 1339 2662 animorum
1374 2605 1621 2682 discerpi
1654 2614 1713 2663 et
1742 2605 1974 2664 lacerari

290 2683 460 2740 deum
508 2692 582 2755 et,
614 2704 744 2742 cum
787 2686 981 2758 miseri
1025 2686 1203 2741 animi
1253 2694 1457 2755 essent,
1490 2686 1647 2762 quod
1688 2685 1974 2764 plerisque

289 2764 666 2839 contingeret,
688 2772 814 2821 tum
838 2765 932 2822 dei
949 2773 1169 2842 partem
1194 2784 1315 2823 esse
1336 2766 1635 2823 miseram:
1673 2767 1828 2843 quod
1850 2767 1973 2824 fieri

287 2861 405 2899 non
428 2850 635 2919 potest.
709 2851 801 2902 28.
839 2845 958 2901 Cur
983 2852 1176 2902 autem
1201 2844 1513 2923 quidquam
1546 2846 1834 2921 ignoraret
1855 2849 1972 2904 ani-

284 2941 417 2979 mus
445 2922 711 2995 hominiS,
736 2925 785 2980 si
813 2932 961 2981 esset
993 2925 1171 2982 deus?
1252 2924 1381 2994 Quo
1415 2926 1592 2981 modo
1625 2945 1796 3002 porro
1832 2927 1971 2983 deus

285 3001 412 3072 iste,
434 3002 483 3058 si
510 3003 653 3060 nihil
677 3011 825 3061 esset
853 3005 963 3061 nisi
992 3005 1235 3074 animuS,
1260 3011 1360 3061 aut
1389 3004 1596 3061 infixus
1624 3013 1723 3062 aut
1746 3006 1970 3061 infusus

284 3090 436 3139 esset
469 3082 529 3138 in
563 3085 821 3140 mundo?
894 3084 1043 3140 Tum
1078 3084 1485 3160 Xenophanes,
1513 3086 1612 3159 qui
1649 3091 1840 3140 mento
1875 3085 1970 3139 ad-

282 3163 482 3221 iuncta
523 3182 694 3221 omne
736 3171 1042 3240 praeterea,
1070 3164 1228 3241 quod
1270 3170 1418 3220 esset
1454 3162 1763 3231 infinitum,
1794 3162 1967 3218 deum

2001 3263 2076 3319 f
