2205 3431
512 137 650 186 LIB.
682 135 777 198 ΙΙ.,
812 135 966 186 CAP.
1005 135 1499 197 XX111.-XXV.,§
1530 139 1707 186 59-64.
1889 142 1952 186 69

275 241 393 300 lum
412 240 567 297 fama
589 258 654 296 ac
671 238 965 296 voluntate
986 238 1269 296 tollerent.
1339 237 1495 295 Hinc
1514 237 1954 309 Hercules‚hinc

278 321 486 378 Castor
512 326 570 376 et
591 318 815 389 Pollux,
837 318 970 375 hinc
991 318 1387 395 AesculapiUS,
1407 317 1540 374 hinc
1563 318 1733 375 Liber
1761 319 1953 389 etiam,

275 400 428 458 hunc
470 399 599 456 dico
635 397 901 455 Liberum
938 398 1164 455 Semela
1204 404 1420 468 natum,
1451 416 1567 454 non
1603 417 1753 469 eum,
1785 418 1954 476 quem

275 480 457 536 nostri
489 479 733 535 maiores
767 484 1005 554 auguste
1040 485 1345 554 sancteque
1380 497 1511 534 cum
1545 477 1748 535 Cerere
1782 488 1839 535 et
1868 478 1958 534 Li-

275 560 410 616 bera
442 566 927 628 consecraverunt,
956 558 1113 636 quod
1148 559 1312 634 quale
1342 559 1416 614 sit
1450 578 1519 615 ex
1552 558 1841 634 mysteriis
1874 558 1958 614 in-

273 638 468 715 tellegi
497 644 705 715 potest.
792 637 907 695 Sed
937 637 1091 714 quod
1122 657 1188 694 ex
1226 637 1392 694 nobis
1425 645 1593 695 natos
1620 638 1828 695 liberos
1862 658 1959 714 ap·

274 718 569 795 pellamuS,
593 717 807 774 idcirco
843 716 1047 774 Cerere
1075 717 1196 774 nati
1225 718 1509 774 nominati
1539 725 1673 775 sunt
1702 717 1873 774 Liber
1899 726 1959 775 et

274 798 510 855 Libera:
556 797 713 874 quod
738 798 800 854 in
830 796 1034 855 Libera
1067 804 1309 869 servant,
1331 797 1389 854 in
1420 797 1628 856 Libero
1651 817 1765 855 non
1796 798 1955 856 item.

275 878 431 935 Hinc
476 877 650 935 etiam
694 876 992 948 RomuluS,
1026 896 1197 953 quem
1244 878 1475 954 quidem
1532 878 1778 935 eundem
1835 897 1957 936 esse

275 956 578 1025 Quirinum
607 963 832 1033 putant,
855 975 1098 1035 quorum
1129 976 1258 1014 cum
1289 964 1645 1014 remanerent
1673 958 1850 1014 animi
1878 965 1962 1015 at-

277 1056 386 1112 que
415 1037 749 1094 aeternitate
770 1037 1114 1108 fruerentur,
1134 1037 1244 1094 rite
1274 1037 1335 1093 di
1365 1044 1498 1094 sunt
1519 1036 1719 1109 habiti,
1740 1056 1869 1094 cum
1900 1044 1959 1095 et

276 1117 483 1193 optimi
513 1123 700 1173 essent
727 1123 786 1173 et
813 1117 1044 1174 aeterni.

358 1202 449 1253 63.
473 1196 608 1252 Alia
629 1215 857 1273 quoque
880 1216 948 1253 ex
970 1196 1192 1254 ratione
1215 1202 1272 1253 et
1295 1196 1528 1273 quidem
1547 1196 1784 1274 physica
1803 1216 1962 1274 mag-

275 1295 351 1332 na
376 1275 543 1333 fiuxit
569 1276 885 1333 multitudo
920 1276 1178 1347 deorum,
1201 1277 1300 1353 qui
1328 1276 1519 1333 induti
1549 1277 1735 1353 specie
1757 1276 1961 1334 huma-

275 1375 352 1412 na
382 1355 606 1413 fabulas
639 1356 831 1447 poetis
870 1355 1397 1432 suppeditaverunt,
1422 1356 1723 1413 hominum
1767 1363 1959 1414 autem

278 1436 453 1492 vitam
483 1435 888 1512 superstitione
918 1436 1079 1504 omni
1108 1436 1467 1493 referserunt.
1536 1436 1733 1513 Atque
1761 1436 1853 1493 hic
1883 1437 1961 1493 lo-

277 1535 376 1572 cus
403 1534 437 1572 a
464 1514 689 1572 Zenone
718 1522 995 1573 tractatus
1022 1522 1158 1591 post
1179 1535 1213 1572 a
1240 1514 1517 1572 Cleanthe
1545 1523 1604 1572 et
1632 1515 1961 1608 Chrysippo

276 1594 534 1672 pluribus
562 1595 749 1652 verbis
777 1595 1092 1672 explicatus
1122 1602 1223 1652 est.
1301 1594 1450 1652 Nam
1483 1602 1645 1652 vetus
1674 1595 1812 1652 haec
1841 1596 1963 1672 opi-

277 1675 376 1733 nio
393 1674 689 1733 Graeciam
709 1675 966 1753 opplevit
985 1675 1201 1734 scilicet
1222 1682 1511 1733 exsectum
1536 1674 1771 1733 Caelum
1791 1695 1824 1733 a
1840 1674 1962 1733 filio

278 1755 540 1827 Saturno,
563 1756 818 1813 vinctum
842 1762 1033 1813 autem
1058 1756 1366 1813 Saturnum
1392 1757 1580 1833 ipsum
1610 1775 1642 1812 a
1664 1755 1781 1812 filio
1804 1755 1958 1814 Iove.

280 1841 372 1893 64.
404 1835 654 1912 Physica
679 1836 824 1893 ratio
853 1855 971 1892 non
995 1836 1286 1912 inelegans
1307 1836 1525 1893 inclusa
1551 1842 1640 1893 est
1668 1836 1726 1892 in
1756 1836 1964 1913 impias

277 1915 531 1973 fabulas:
567 1915 862 1973 caelestem
889 1917 1041 1973 enim
1065 1916 1399 1973 altissimam
1419 1916 1848 1994 *aetheriamque
1870 1935 1963 1971 na-

276 2002 483 2066 turam,
508 1995 570 2052 id
600 2004 701 2067 est,
727 1997 972 2072 igneam,
999 2014 1144 2072 quae
1173 2016 1277 2073 per
1309 2015 1429 2053 sese
1459 1996 1655 2053 omnia
1680 1996 1961 2073 gigneret,

277 2094 475 2133 vacare
497 2075 800 2132 voluerunt
822 2095 888 2133 ea
910 2084 1069 2152 parte
1092 2076 1364 2152 corporiS,
1387 2095 1530 2152 quae
1559 2076 1964 2133 coniunctione

279 2155 509 2215 alterius
527 2162 719 2232 egeret
737 2155 811 2212 ad
827 2156 1260 2232 procreandum.
1317 2155 1514 2213 XXV.
1540 2155 1850 2213 Saturnum
1870 2175 1966 2212 au-

278 2242 397 2294 tem
429 2253 560 2292 eum
590 2254 711 2293 esse
732 2235 1050 2306 voluerunt,
1069 2236 1167 2312 qui
1190 2255 1417 2292 cursum
1448 2242 1505 2292 et
1533 2236 1962 2292 conversionem

280 2315 597 2392 spatiorum
632 2334 696 2372 ac
724 2322 1053 2391 temporum
1088 2315 1424 2385 contineret,
1451 2315 1547 2391 qui
1578 2315 1718 2372 deus
1749 2314 1965 2372 Graece

279 2396 343 2453 id
370 2396 559 2473 ipsum
589 2414 801 2452 nomen
830 2394 1036 2452 habet:
1080 2398 1291 2470 Κρόνος
1325 2395 1478 2452 enim
1508 2395 1734 2466 dicitur,
1758 2395 1855 2471 qui
1878 2402 1964 2451 est

280 2475 434 2533 idem
468 2477 688 2551 χρόνος,
709 2474 770 2530 id
799 2480 900 2545 est,
923 2474 1173 2551 spatium
1202 2475 1494 2551 temporis·
1565 2474 1843 2531 Saturnus
1872 2493 1967 2530 au-

280 2563 399 2613 tem
418 2564 504 2612 est
521 2554 856 2632 appellatuS,
873 2554 1030 2631 quod
1048 2561 1395 2612 saturaretur
1412 2554 1575 2611 annis
1591 2572 1604 2611 τ
1640 2573 1708 2610 ex
1733 2573 1790 2610 se
1810 2554 1963 2610 enim

281 2642 448 2691 natos
489 2653 742 2692 comesse
783 2634 1022 2711 fingitur
1063 2633 1281 2705 solituS,
1315 2634 1449 2710 quia
1490 2632 1778 2690 consumit
1810 2638 1967 2689 aetas

279 2722 607 2791 temporum
644 2714 830 2792 spatia
862 2715 1139 2790 annisque
1172 2714 1494 2791 praeteritis
1522 2711 1968 2769 insaturabiliter

282 2794 557 2871 expletur,
578 2794 805 2851 vinctus
834 2801 1029 2851 autem¹
1060 2813 1094 2850 a
1123 2793 1277 2863 Iove,
1301 2812 1373 2850 ne
1402 2792 1813 2849 immoderatos
1846 2811 1967 2849 cur-

282 2894 378 2930 sus
411 2873 648 2931 haberet
680 2881 850 2951 atque
885 2880 950 2930 ut
983 2892 1114 2930 eum
1152 2873 1401 2929 siderum
1435 2872 1635 2929 vinclis
1669 2871 1962 2948 adligaret.

283 2953 440 3011 Sed
426 2972 549 3031 ipse
578 2952 854 3031 Iuppiter,
876 2953 936 3010 id
972 2961 1073 3024 est,
1098 2952 1167 2980 ‘⁴
1152 2972 1351 3009 iuvans
1383 2951 1599 3028 pater‚’'
1631 2971 1802 3029 quem
1838 2971 1967 3008 con-

283 3034 458 3090 versis
486 3033 708 3091 casibus
736 3032 1090 3110 appellamus
1112 3052 1146 3088 a
1169 3031 1521 3089 “iuvando’'
1545 3030 1760 3102 Iovem,
1777 3051 1810 3087 a
1830 3038 1971 3107 poe-

281 3114 420 3171 tis‘
426 3114 619 3190 ‘pater
662 3113 972 3190 divomque
1016 3110 1751 3216 hominumque”dicitu1·,
1777 3129 1811 3166 a
1852 3129 1969 3165 ma-

282 3192 503 3251 ioribus
541 3200 734 3251 autem
776 3193 990 3250 nostris
1030 3192 1340 3266 “optimus
1380 3188 1717 3261 maximus,”
1755 3196 1813 3247 et
1849 3190 1968 3265 qui-
