2205 3431
476 140 613 189 LIB.
642 139 708 200 1.,
737 137 892 187 CAP.
920 136 1468 196 xxxa-XXXIV„
1498 134 1527 195 ἓ
1557 138 1732 185 70-76.
1855 139 1946 186 173

268 241 541 309 discessit,
568 245 632 296 ut
659 239 740 295 ait
768 237 1063 307 Philistus,
1088 255 1255 312 aegre
1282 236 1486 293 ferens,
1572 235 1721 293 Cum
1755 244 1948 293 autem

269 319 683 397 aliquantulum
717 336 1049 393 progressus
1082 323 1246 386 esset,
1278 316 1469 373 subito
1503 316 1792 373 exaudivit
1823 316 1951 373 hin-

269 403 455 458 nitum
498 398 856 475 respexitque
900 403 957 454 et
998 415 1209 473 equum
1254 396 1493 453 alacrem
1535 396 1716 452 laetus
1756 415 1951 472 aspex-

271 482 334 550 it,
371 480 533 537 cuius
565 479 625 535 in
659 476 794 534 iuba
835 496 1067 534 examen
1113 477 1305 552 apium
1347 476 1693 533 consederat.
1779 475 1951 543 Quod

273 567 562 618 ostentum
615 557 817 614 habuit
871 556 1017 613 hanc
1078 557 1215 627 vim,
1259 564 1323 612 ut
1381 555 1699 632 Dionysius
1754 556 1954 632 paucis

272 648 406 716 post
433 639 635 698 diebus
662 655 895 714 regnare
924 636 1191 711 coeperit.
1270 635 1556 693 XXXIV.
1631 635 1723 693 74.
1760 635 1954 703 Quid?

273 717 752 786 LacedaemoniiS,
784 715 955 793 paulo
997 723 1128 772 ante
1163 715 1512 773 Leuctricam
1550 715 1951 783 calamitatem,

276 819 420 877 quae
468 797 813 874 significatio
863 797 1018 852 facta
1064 803 1169 867 est,
1210 815 1342 853 cum
1390 796 1451 851 in
1502 795 1768 853 Herculis
1814 797 1953 852 fano

276 898 434 936 arma
472 884 785 935 sonuerunt
816 875 1194 952 Herculisque
1236 874 1598 933 simulacrum
1640 876 1825 932 multo
1868 895 1957 932 su-

277 959 415 1016 dore
454 957 744 1015 manavit?
824 957 907 1012 At
951 956 1154 1012 eodem
1198 962 1459 1031 tempore
1504 955 1733 1025 Thebis,
1766 963 1830 1013 ut
1874 956 1958 1012 ait

278 1038 667 1107 CallistheneS,
699 1037 759 1093 in
791 1036 1011 1112 templo
1039 1036 1306 1092 Herculis
1333 1035 1524 1092 valvae
1553 1036 1772 1093 clausae
1800 1055 1960 1112 repa-

278 1119 429 1195 gulis
461 1117 652 1174 subito
687 1136 745 1173 se
779 1117 934 1192 ipsae
968 1123 1327 1192 aperuerunt,
1357 1135 1642 1192 armaque,
1669 1135 1811 1192 quae
1845 1115 1961 1171 fixa

281 1200 339 1255 iu
374 1197 686 1275 parietibus
718 1196 962 1265 fuerant,
993 1215 1060 1252 ea
1092 1203 1227 1252 sunt
1259 1195 1423 1252 humi
1457 1196 1701 1252 inventa.
1787 1195 1960 1252 Cum-

283 1298 392 1355 que
434 1277 636 1334 eodem
670 1283 929 1351 tempore
960 1275 1117 1350 apud
1150 1274 1456 1332 Lebadiam
1492 1275 1828 1352 Trophonio
1869 1295 1961 1332 res

282 1358 476 1415 divina
502 1356 678 1424 fieret,
702 1355 884 1431 gallos
908 1354 1252 1431 gallinaceos
1279 1356 1338 1411 in
1368 1374 1437 1412 eo
1458 1354 1585 1412 loco
1615 1356 1695 1412 sic
1722 1355 1961 1412 adsidue

283 1457 482 1495 canere
522 1436 791 1512 coepisse,
823 1441 888 1492 ut
928 1434 1071 1492 nihil
1105 1435 1584 1492 intermitterent:
1628 1441 1752 1491 tum
1788 1455 1963 1510 augu-

282 1537 372 1575 res
426 1516 634 1574 dixisse
690 1515 966 1572 Boeotios
1013 1513 1417 1571 Thebanorum
1466 1533 1586 1571 esse
1644 1515 1959 1586 victoriam,

284 1604 587 1674 propterea
619 1595 774 1672 quod
802 1595 923 1651 avis
949 1594 1047 1651 illa
1077 1594 1231 1651 victa
1262 1594 1424 1651 silere
1458 1594 1699 1651 soleret:
1744 1614 1962 1666 canere,

286 1678 332 1735 si
364 1676 604 1734 vicisset.
692 1675 783 1733 75.
829 1674 1159 1751 Eademque
1186 1680 1527 1752 tempestate
1556 1674 1754 1732 multis
1786 1675 1966 1752 signis

287 1756 750 1815 Lacedaemoniis
783 1755 1109 1812 Leuctricae
1149 1774 1376 1831 pugnae
1417 1755 1709 1812 calamitas
1750 1756 1967 1813 denun-

286 1837 550 1895 tiabatur.
638 1836 900 1911 Namque
942 1843 1001 1892 et
1038 1835 1097 1891 in
1133 1834 1429 1911 Lysandri,
1461 1836 1560 1912 qui
1594 1835 1968 1893 Lacedaemo-

287 1918 514 1974 niorum
558 1915 899 1973 clarissimus
931 1916 1136 1985 fuerat,
1168 1923 1371 1985 statua,
1404 1935 1546 1992 quae
1579 1915 1825 1992 Delphis
1859 1924 1968 1972 sta-

288 1997 405 2068 bat,
428 1997 486 2053 in
517 1997 703 2072 capite
735 2014 946 2051 corona
972 1994 1165 2052 subito
1192 1995 1411 2052 exstitit
1441 2015 1508 2053 ex
1538 1997 1752 2072 asperis
1779 1996 1971 2054 herbis

290 2085 348 2134 et
375 2075 709 2152 agrestibuS,
733 2074 1036 2151 stellaeque
1064 2094 1280 2144 aureae,
1307 2094 1448 2151 quae
1477 2075 1721 2152 Delphis
1749 2083 1909 2133 erant
1936 2096 1971 2133 a

290 2154 754 2214 Lacedaemoniis
786 2154 1006 2230 positae
1034 2162 1169 2230 post
1201 2155 1454 2211 navalem
1487 2155 1642 2211 illam
1671 2156 1968 2212 victoriam

291 2235 587 2313 Lysandri,
619 2254 733 2311 qua
763 2234 1147 2291 Athenienses
1179 2235 1565 2304 conciderunt,
1593 2254 1704 2310 qua
1735 2236 1794 2291 in
1830 2254 1973 2311 pug-

292 2336 367 2373 na
415 2316 549 2392 quia
596 2313 801 2371 Castor
847 2320 906 2371 et
953 2313 1162 2371 Pollux
1209 2333 1339 2371 cum
1390 2314 1970 2371 Lacedaemoniorum

293 2396 468 2453 classe
511 2394 617 2450 visi
650 2413 770 2451 esse
812 2393 1163 2464 dicebantur,
1193 2413 1387 2451 eorum
1424 2394 1673 2471 insignia
1714 2395 1970 2465 deorum,

295 2475 488 2533 stellae
521 2492 736 2543 aureae,
769 2492 908 2550 quas
941 2473 1078 2543 dixi,
1102 2474 1346 2550 Delphis
1372 2475 1612 2551 positae,
1635 2474 1807 2550 paulo
1841 2482 1974 2531 ante

295 2554 655 2612 Leuctricam
678 2573 929 2629 pugnam
959 2554 1293 2611 deciderunt
1320 2574 1505 2631 neque
1533 2562 1788 2631 repertae
1823 2562 1970 2612 sunt.

299 2634 391 2691 76.
436 2634 752 2690 Maximum
788 2653 919 2690 vero
952 2632 1095 2690 illud
1123 2641 1454 2710 portentum
1490 2634 1693 2690 iisdem
1729 2634 1977 2710 Spartia-

265 2745 269 2749 ·
297 2714 373 2772 tis
405 2713 536 2782 fuit,
562 2713 733 2789 quod,
759 2732 889 2769 cum
925 2712 1213 2770 oraculum
1249 2714 1320 2771 ab
1357 2714 1490 2771 Iove
1524 2712 1844 2770 Dodonaeo
1882 2733 1978 2790 pe-

296 2794 559 2851 tivissent
587 2793 658 2849 de
689 2792 924 2849 victoria
952 2793 1304 2851 sciscitantes
1331 2794 1614 2870 legatique
1640 2788 1788 2871 [vas]
1814 2794 1973 2864 illud,

296 2874 359 2929 in
389 2892 503 2950 quo
532 2873 755 2930 inerant
783 2881 977 2941 sorteS,
1002 2874 1447 2944 collocavissent,
1473 2874 1654 2944 simia,
1681 2893 1850 2951 quam
1880 2894 1976 2931 rex

299 2953 680 3009 Molossorum
712 2952 770 3009 in
800 2952 1016 3009 deliciis
1044 2952 1308 3024 habebat,
1334 2961 1392 3011 et
1420 2962 1600 3011 sortes
1626 2955 1780 3029 ipsas
1808 2961 1866 3011 et
1894 2974 1980 3011 ce-

298 3040 436 3103 tera,
463 3052 606 3109 quae
635 3040 795 3089 erant
817 3033 888 3088 ad
912 3041 1121 3090 sortem
1148 3041 1358 3109 parata,
1383 3034 1724 3091 disturbavit
1745 3041 1802 3090 et
1824 3034 1980 3091 aliud

300 3112 413 3169 alio
442 3112 755 3188 dissipavit.
832 3112 981 3169 Tum
1012 3132 1092 3182 ea,
1116 3132 1258 3190 quae
1288 3114 1614 3190 praeposita
1641 3119 1760 3170 erat
1790 3132 1980 3170 oracu-

300 3192 376 3262 lo,
407 3193 667 3249 sacerdos
708 3192 915 3248 dixisse
950 3193 1161 3250 dicitur
1198 3193 1270 3250 de
1304 3193 1482 3250 salute
1515 3193 1981 3250 Lacedaemoniis
