<?xml version="1.0" encoding="UTF-8"?>
<!DOCTYPE html PUBLIC "-//W3C//DTD XHTML 1.0 Transitional//EN"
    "http://www.w3.org/TR/xhtml1/DTD/xhtml1-transitional.dtd">
<html xmlns="http://www.w3.org/1999/xhtml" xml:lang="en" lang="en">
 <head>
  <title>
</title>
<meta http-equiv="Content-Type" content="text/html;charset=utf-8" />
  <meta name='ocr-system' content='tesseract 3.04.00' />
  <meta name='ocr-capabilities' content='ocr_page ocr_carea ocr_par ocr_line ocrx_word'/>
</head>
<body>
  <div class='ocr_page' id='page_1' title='image "./defato00cicegoog_0011.png"; bbox 0 0 2205 3431; ppageno 0'>
   <div class='ocr_carea' id='block_1_1' title="bbox 635 447 1572 512">
    <p class='ocr_par' dir='ltr' id='par_1_1' title="bbox 635 447 1572 512">
     <span class='ocr_line' id='line_1_1' title="bbox 635 447 1572 512; baseline -0.002 -2"><span class='ocrx_word' id='word_1_1' title='bbox 635 449 721 512; x_wconf 90' lang='lat' dir='ltr'>M.</span> <span class='ocrx_word' id='word_1_2' title='bbox 764 448 1058 512; x_wconf 86' lang='lat' dir='ltr'>TULLII</span> <span class='ocrx_word' id='word_1_3' title='bbox 1102 447 1572 509; x_wconf 86' lang='lat' dir='ltr'>CICERONIS</span> 
     </span>
    </p>
   </div>
   <div class='ocr_carea' id='block_1_2' title="bbox 336 619 1810 858">
    <p class='ocr_par' dir='ltr' id='par_1_2' title="bbox 336 619 1810 858">
     <span class='ocr_line' id='line_1_2' title="bbox 336 619 1810 723; baseline -0.001 -22"><span class='ocrx_word' id='word_1_4' title='bbox 336 622 550 723; x_wconf 86' lang='lat' dir='ltr'>DE</span> <span class='ocrx_word' id='word_1_5' title='bbox 621 621 1178 702; x_wconf 90' lang='lat' dir='ltr'><strong>NATURA</strong></span> <span class='ocrx_word' id='word_1_6' title='bbox 1236 619 1810 700; x_wconf 89' lang='lat' dir='ltr'><strong>DEORUM</strong></span> 
     </span>
     <span class='ocr_line' id='line_1_3' title="bbox 797 782 1396 858; baseline 0.003 -2"><span class='ocrx_word' id='word_1_7' title='bbox 797 783 908 857; x_wconf 92' lang='lat' dir='ltr'>AD</span> <span class='ocrx_word' id='word_1_8' title='bbox 951 784 1030 857; x_wconf 92' lang='lat' dir='ltr'>M.</span> <span class='ocrx_word' id='word_1_9' title='bbox 1063 782 1396 858; x_wconf 89' lang='lat' dir='ltr'>BRUTUM</span> 
     </span>
    </p>
   </div>
   <div class='ocr_carea' id='block_1_3' title="bbox 666 964 1526 1026">
    <p class='ocr_par' dir='ltr' id='par_1_3' title="bbox 666 964 1526 1026">
     <span class='ocr_line' id='line_1_4' title="bbox 666 964 1526 1026; baseline 0 0"><span class='ocrx_word' id='word_1_10' title='bbox 666 965 1012 1026; x_wconf 88' lang='lat' dir='ltr'>LIBER</span> <span class='ocrx_word' id='word_1_11' title='bbox 1080 964 1526 1026; x_wconf 87' lang='lat' dir='ltr'>PRIMUS.</span> 
     </span>
    </p>
   </div>
   <div class='ocr_carea' id='block_1_4' title="bbox 961 1116 1238 1126">
    <p class='ocr_par' dir='ltr' id='par_1_4' title="bbox 961 1116 1238 1126">
     <span class='ocr_line' id='line_1_5' title="bbox 961 1116 1238 1126; baseline 0 0"><span class='ocrx_word' id='word_1_12' title='bbox 961 1116 1238 1126; x_wconf 95' lang='lat' dir='ltr'> </span> 
     </span>
    </p>
   </div>
   <div class='ocr_carea' id='block_1_5' title="bbox 790 1218 1395 1268">
    <p class='ocr_par' dir='ltr' id='par_1_5' title="bbox 790 1218 1395 1268">
     <span class='ocr_line' id='line_1_6' title="bbox 790 1218 1395 1268; baseline 0.003 -2"><span class='ocrx_word' id='word_1_13' title='bbox 790 1218 1395 1268; x_wconf 88' lang='lat' dir='ltr'>ARGUMENTUM.</span> 
     </span>
    </p>
   </div>
   <div class='ocr_carea' id='block_1_6' title="bbox 241 1316 1937 3268">
    <p class='ocr_par' dir='ltr' id='par_1_6' title="bbox 241 1316 1937 3268">
     <span class='ocr_line' id='line_1_7' title="bbox 317 1316 1937 1380; baseline -0.001 -14"><span class='ocrx_word' id='word_1_14' title='bbox 317 1318 380 1366; x_wconf 92' lang='lat' dir='ltr'>In</span> <span class='ocrx_word' id='word_1_15' title='bbox 404 1317 478 1365; x_wconf 89' lang='lat' dir='ltr'>his</span> <span class='ocrx_word' id='word_1_16' title='bbox 496 1317 648 1377; x_wconf 80' lang='lat' dir='ltr'>libriS,</span> <span class='ocrx_word' id='word_1_17' title='bbox 668 1317 719 1365; x_wconf 90' lang='lat' dir='ltr'>in</span> <span class='ocrx_word' id='word_1_18' title='bbox 739 1318 916 1380; x_wconf 90' lang='lat' dir='ltr'>quibus</span> <span class='ocrx_word' id='word_1_19' title='bbox 935 1317 1111 1366; x_wconf 89' lang='lat' dir='ltr'>Cicero</span> <span class='ocrx_word' id='word_1_20' title='bbox 1134 1317 1228 1364; x_wconf 86' lang='lat' dir='ltr'>sibi</span> <span class='ocrx_word' id='word_1_21' title='bbox 1251 1331 1451 1365; x_wconf 89' lang='lat' dir='ltr'>omnem</span> <span class='ocrx_word' id='word_1_22' title='bbox 1474 1316 1575 1364; x_wconf 86' lang='lat' dir='ltr'>fere</span> <span class='ocrx_word' id='word_1_23' title='bbox 1593 1325 1812 1365; x_wconf 75' lang='lat' dir='ltr'>veterum</span> <span class='ocrx_word' id='word_1_24' title='bbox 1831 1316 1937 1380; x_wconf 84' lang='lat' dir='ltr'>phi-</span> 
     </span>
     <span class='ocr_line' id='line_1_8' title="bbox 251 1380 1934 1444; baseline -0.001 -14"><span class='ocrx_word' id='word_1_25' title='bbox 251 1381 565 1443; x_wconf 85' lang='lat' dir='ltr'>losophorum</span> <span class='ocrx_word' id='word_1_26' title='bbox 589 1384 648 1430; x_wconf 83' lang='lat' dir='ltr'>de</span> <span class='ocrx_word' id='word_1_27' title='bbox 671 1390 855 1430; x_wconf 79' lang='lat' dir='ltr'>natura</span> <span class='ocrx_word' id='word_1_28' title='bbox 879 1380 1069 1430; x_wconf 81' lang='lat' dir='ltr'>deorum</span> <span class='ocrx_word' id='word_1_29' title='bbox 1092 1381 1372 1430; x_wconf 82' lang='lat' dir='ltr'><strong>doctrinam</strong></span> <span class='ocrx_word' id='word_1_30' title='bbox 1394 1382 1742 1444; x_wconf 85' lang='lat' dir='ltr'>explicandam</span> <span class='ocrx_word' id='word_1_31' title='bbox 1770 1398 1934 1443; x_wconf 85' lang='lat' dir='ltr'>sump-</span> 
     </span>
     <span class='ocr_line' id='line_1_9' title="bbox 250 1447 1936 1510; baseline 0.001 -16"><span class='ocrx_word' id='word_1_32' title='bbox 250 1447 331 1505; x_wconf 87' lang='lat' dir='ltr'>sit,</span> <span class='ocrx_word' id='word_1_33' title='bbox 356 1449 483 1495; x_wconf 90' lang='lat' dir='ltr'>hanc</span> <span class='ocrx_word' id='word_1_34' title='bbox 521 1458 692 1496; x_wconf 79' lang='lat' dir='ltr'>auctor</span> <span class='ocrx_word' id='word_1_35' title='bbox 727 1447 973 1495; x_wconf 88' lang='lat' dir='ltr'>rationem</span> <span class='ocrx_word' id='word_1_36' title='bbox 1007 1455 1205 1495; x_wconf 86' lang='lat' dir='ltr'>secutus</span> <span class='ocrx_word' id='word_1_37' title='bbox 1235 1455 1326 1506; x_wconf 90' lang='lat' dir='ltr'>est,</span> <span class='ocrx_word' id='word_1_38' title='bbox 1349 1456 1420 1506; x_wconf 93' lang='lat' dir='ltr'>ut,</span> <span class='ocrx_word' id='word_1_39' title='bbox 1444 1462 1571 1509; x_wconf 92' lang='lat' dir='ltr'>quae</span> <span class='ocrx_word' id='word_1_40' title='bbox 1605 1448 1839 1510; x_wconf 79' lang='lat' dir='ltr'>Epicurei</span> <span class='ocrx_word' id='word_1_41' title='bbox 1872 1448 1936 1495; x_wconf 92' lang='lat' dir='ltr'>de</span> 
     </span>
     <span class='ocr_line' id='line_1_10' title="bbox 250 1511 1934 1574; baseline 0.001 -15"><span class='ocrx_word' id='word_1_42' title='bbox 250 1522 432 1560; x_wconf 89' lang='lat' dir='ltr'>natura</span> <span class='ocrx_word' id='word_1_43' title='bbox 449 1513 655 1561; x_wconf 89' lang='lat' dir='ltr'>deorum</span> <span class='ocrx_word' id='word_1_44' title='bbox 674 1513 971 1569; x_wconf 82' lang='lat' dir='ltr'><strong>docuissent,</strong></span> <span class='ocrx_word' id='word_1_45' title='bbox 993 1527 1052 1560; x_wconf 85' lang='lat' dir='ltr'>ea</span> <span class='ocrx_word' id='word_1_46' title='bbox 1071 1511 1130 1559; x_wconf 88' lang='lat' dir='ltr'>C.</span> <span class='ocrx_word' id='word_1_47' title='bbox 1153 1512 1366 1572; x_wconf 86' lang='lat' dir='ltr'>Velleio,</span> <span class='ocrx_word' id='word_1_48' title='bbox 1384 1513 1428 1559; x_wconf 90' lang='lat' dir='ltr'>ei</span> <span class='ocrx_word' id='word_1_49' title='bbox 1453 1513 1538 1574; x_wconf 85' lang='lat' dir='ltr'>qui</span> <span class='ocrx_word' id='word_1_50' title='bbox 1559 1527 1691 1560; x_wconf 88' lang='lat' dir='ltr'>anno</span> <span class='ocrx_word' id='word_1_51' title='bbox 1709 1529 1755 1560; x_wconf 88' lang='lat' dir='ltr'>u.</span> <span class='ocrx_word' id='word_1_52' title='bbox 1775 1528 1816 1561; x_wconf 88' lang='lat' dir='ltr'>c.</span> <span class='ocrx_word' id='word_1_53' title='bbox 1838 1515 1934 1560; x_wconf 72' lang='lat'>664</span> 
     </span>
     <span class='ocr_line' id='line_1_11' title="bbox 251 1577 1934 1626; baseline 0.001 -2"><span class='ocrx_word' id='word_1_54' title='bbox 251 1577 558 1626; x_wconf 88' lang='lat' dir='ltr'>tribunatum</span> <span class='ocrx_word' id='word_1_55' title='bbox 595 1578 809 1626; x_wconf 83' lang='lat' dir='ltr'><strong>obtinuit</strong></span> <span class='ocrx_word' id='word_1_56' title='bbox 843 1587 893 1625; x_wconf 89' lang='lat' dir='ltr'>et</span> <span class='ocrx_word' id='word_1_57' title='bbox 926 1577 1044 1624; x_wconf 85' lang='lat' dir='ltr'>clari</span> <span class='ocrx_word' id='word_1_58' title='bbox 1071 1577 1203 1625; x_wconf 88' lang='lat' dir='ltr'>illius</span> <span class='ocrx_word' id='word_1_59' title='bbox 1237 1578 1443 1625; x_wconf 90' lang='lat' dir='ltr'>oratoris</span> <span class='ocrx_word' id='word_1_60' title='bbox 1470 1579 1528 1625; x_wconf 88' lang='lat' dir='ltr'>L.</span> <span class='ocrx_word' id='word_1_61' title='bbox 1554 1577 1736 1625; x_wconf 89' lang='lat' dir='ltr'>Licinii</span> <span class='ocrx_word' id='word_1_62' title='bbox 1770 1579 1934 1626; x_wconf 80' lang='lat' dir='ltr'>Crassi</span> 
     </span>
     <span class='ocr_line' id='line_1_12' title="bbox 249 1641 1935 1703; baseline 0 -13"><span class='ocrx_word' id='word_1_63' title='bbox 249 1643 507 1690; x_wconf 84' lang='lat' dir='ltr'>familiaris</span> <span class='ocrx_word' id='word_1_64' title='bbox 532 1643 683 1691; x_wconf 89' lang='lat' dir='ltr'>fuisse</span> <span class='ocrx_word' id='word_1_65' title='bbox 709 1643 904 1703; x_wconf 90' lang='lat' dir='ltr'>dicitur,</span> <span class='ocrx_word' id='word_1_66' title='bbox 919 1643 1001 1689; x_wconf 93' lang='lat' dir='ltr'>lib.</span> <span class='ocrx_word' id='word_1_67' title='bbox 1021 1641 1080 1688; x_wconf 85' lang='lat' dir='ltr'>de</span> <span class='ocrx_word' id='word_1_68' title='bbox 1099 1649 1295 1690; x_wconf 76' lang='lat' dir='ltr'>oratore</span> <span class='ocrx_word' id='word_1_69' title='bbox 1319 1643 1443 1701; x_wconf 65' lang='lat'>111„</span> <span class='ocrx_word' id='word_1_70' title='bbox 1464 1658 1569 1703; x_wconf 89' lang='lat' dir='ltr'>cap.</span> <span class='ocrx_word' id='word_1_71' title='bbox 1593 1646 1671 1703; x_wconf 77' lang='lat'>21,</span> <span class='ocrx_word' id='word_1_72' title='bbox 1697 1642 1724 1701; x_wconf 65' lang='grc' dir='ltr'><strong>ἓ</strong></span> <span class='ocrx_word' id='word_1_73' title='bbox 1747 1646 1825 1699; x_wconf 87' lang='grc'>78,</span> <span class='ocrx_word' id='word_1_74' title='bbox 1847 1658 1935 1690; x_wconf 87' lang='lat' dir='ltr'>ex-</span> 
     </span>
     <span class='ocr_line' id='line_1_13' title="bbox 249 1707 1932 1771; baseline 0 -15"><span class='ocrx_word' id='word_1_75' title='bbox 249 1707 482 1771; x_wconf 78' lang='lat' dir='ltr'>ponenda</span> <span class='ocrx_word' id='word_1_76' title='bbox 513 1709 744 1769; x_wconf 82' lang='lat' dir='ltr'>traderer,</span> <span class='ocrx_word' id='word_1_77' title='bbox 764 1724 879 1757; x_wconf 88' lang='lat' dir='ltr'>cum</span> <span class='ocrx_word' id='word_1_78' title='bbox 907 1708 1009 1771; x_wconf 88' lang='lat' dir='ltr'>ipse</span> <span class='ocrx_word' id='word_1_79' title='bbox 1043 1707 1333 1756; x_wconf 88' lang='lat' dir='ltr'>Phaedrum</span> <span class='ocrx_word' id='word_1_80' title='bbox 1356 1708 1734 1770; x_wconf 83' lang='lat' dir='ltr'>Atheniensem,</span> <span class='ocrx_word' id='word_1_81' title='bbox 1754 1709 1839 1771; x_wconf 89' lang='lat' dir='ltr'>qui</span> <span class='ocrx_word' id='word_1_82' title='bbox 1875 1709 1932 1756; x_wconf 90' lang='lat' dir='ltr'>li-</span> 
     </span>
     <span class='ocr_line' id='line_1_14' title="bbox 249 1774 1934 1837; baseline 0 -16"><span class='ocrx_word' id='word_1_83' title='bbox 249 1776 395 1822; x_wconf 88' lang='lat' dir='ltr'>brum</span> <span class='ocrx_word' id='word_1_84' title='bbox 424 1774 533 1837; x_wconf 81' lang='grc' dir='ltr'>περὶ</span> <span class='ocrx_word' id='word_1_85' title='bbox 560 1775 691 1823; x_wconf 69' lang='grc' dir='ltr'>θεῶν</span> <span class='ocrx_word' id='word_1_86' title='bbox 723 1774 999 1836; x_wconf 80' lang='lat' dir='ltr'>scripserat,</span> <span class='ocrx_word' id='word_1_87' title='bbox 1023 1774 1073 1821; x_wconf 91' lang='lat' dir='ltr'>in</span> <span class='ocrx_word' id='word_1_88' title='bbox 1104 1774 1197 1821; x_wconf 86' lang='lat' dir='ltr'>hac</span> <span class='ocrx_word' id='word_1_89' title='bbox 1225 1783 1366 1835; x_wconf 91' lang='lat' dir='ltr'>parte</span> <span class='ocrx_word' id='word_1_90' title='bbox 1396 1775 1763 1833; x_wconf 87' lang='lat' dir='ltr'>conscribenda,</span> <span class='ocrx_word' id='word_1_91' title='bbox 1785 1784 1839 1821; x_wconf 97' lang='grc' dir='ltr'>ιιι</span> <span class='ocrx_word' id='word_1_92' title='bbox 1863 1776 1934 1821; x_wconf 80' lang='lat' dir='ltr'>vi-</span> 
     </span>
     <span class='ocr_line' id='line_1_15' title="bbox 250 1839 1932 1903; baseline 0.001 -16"><span class='ocrx_word' id='word_1_93' title='bbox 250 1839 411 1899; x_wconf 88' lang='lat' dir='ltr'>detur,</span> <span class='ocrx_word' id='word_1_94' title='bbox 439 1849 736 1901; x_wconf 80' lang='lat' dir='ltr'>sequeretur,</span> <span class='ocrx_word' id='word_1_95' title='bbox 763 1855 823 1887; x_wconf 83' lang='lat' dir='ltr'>ea</span> <span class='ocrx_word' id='word_1_96' title='bbox 857 1850 1040 1903; x_wconf 73' lang='lat' dir='ltr'>autem,</span> <span class='ocrx_word' id='word_1_97' title='bbox 1070 1854 1197 1901; x_wconf 88' lang='lat' dir='ltr'>quae</span> <span class='ocrx_word' id='word_1_98' title='bbox 1231 1839 1384 1888; x_wconf 85' lang='lat' dir='ltr'>Stoici</span> <span class='ocrx_word' id='word_1_99' title='bbox 1421 1840 1483 1887; x_wconf 91' lang='lat' dir='ltr'>de</span> <span class='ocrx_word' id='word_1_100' title='bbox 1517 1848 1694 1887; x_wconf 89' lang='lat' dir='ltr'>natura</span> <span class='ocrx_word' id='word_1_101' title='bbox 1728 1841 1932 1888; x_wconf 89' lang='lat' dir='ltr'>deorum</span> 
     </span>
     <span class='ocr_line' id='line_1_16' title="bbox 248 1903 1931 1966; baseline 0 -15"><span class='ocrx_word' id='word_1_102' title='bbox 248 1903 624 1966; x_wconf 85' lang='lat' dir='ltr'>praecepissent,</span> <span class='ocrx_word' id='word_1_103' title='bbox 655 1916 709 1952; x_wconf 88' lang='lat' dir='ltr'>ut</span> <span class='ocrx_word' id='word_1_104' title='bbox 744 1905 804 1964; x_wconf 89' lang='lat' dir='ltr'>Q.</span> <span class='ocrx_word' id='word_1_105' title='bbox 836 1903 1028 1952; x_wconf 89' lang='lat' dir='ltr'>Lucilio</span> <span class='ocrx_word' id='word_1_106' title='bbox 1064 1904 1242 1964; x_wconf 84' lang='lat' dir='ltr'>Balbo,</span> <span class='ocrx_word' id='word_1_107' title='bbox 1271 1919 1419 1966; x_wconf 88' lang='lat' dir='ltr'>quem</span> <span class='ocrx_word' id='word_1_108' title='bbox 1455 1905 1667 1952; x_wconf 89' lang='lat' dir='ltr'>eundem</span> <span class='ocrx_word' id='word_1_109' title='bbox 1701 1906 1852 1953; x_wconf 89' lang='lat' dir='ltr'>etiam</span> <span class='ocrx_word' id='word_1_110' title='bbox 1882 1906 1931 1952; x_wconf 86' lang='grc' dir='ltr'>ἰιι</span> 
     </span>
     <span class='ocr_line' id='line_1_17' title="bbox 250 1969 1933 2032; baseline 0 -16"><span class='ocrx_word' id='word_1_111' title='bbox 250 1970 521 2018; x_wconf 88' lang='lat' dir='ltr'>Hortensio</span> <span class='ocrx_word' id='word_1_112' title='bbox 543 1969 828 2032; x_wconf 85' lang='lat' dir='ltr'>loquentem</span> <span class='ocrx_word' id='word_1_113' title='bbox 851 1971 1132 2028; x_wconf 76' lang='lat' dir='ltr'>induxerat,</span> <span class='ocrx_word' id='word_1_114' title='bbox 1154 1969 1448 2031; x_wconf 82' lang='lat' dir='ltr'>explicanda</span> <span class='ocrx_word' id='word_1_115' title='bbox 1470 1970 1627 2028; x_wconf 88' lang='lat' dir='ltr'>daret,</span> <span class='ocrx_word' id='word_1_116' title='bbox 1648 1970 1765 2030; x_wconf 84' lang='lat' dir='ltr'>ipse,</span> <span class='ocrx_word' id='word_1_117' title='bbox 1788 1982 1841 2018; x_wconf 90' lang='grc' dir='ltr'>ιιι</span> <span class='ocrx_word' id='word_1_118' title='bbox 1864 1972 1933 2017; x_wconf 73' lang='lat' dir='ltr'>vi-</span> 
     </span>
     <span class='ocr_line' id='line_1_18' title="bbox 242 2034 1931 2098; baseline -0.002 -13"><span class='ocrx_word' id='word_1_119' title='bbox 242 2035 409 2095; x_wconf 79' lang='lat' dir='ltr'>detur,</span> <span class='ocrx_word' id='word_1_120' title='bbox 430 2035 483 2083; x_wconf 88' lang='lat' dir='ltr'>in</span> <span class='ocrx_word' id='word_1_121' title='bbox 511 2034 602 2082; x_wconf 86' lang='lat' dir='ltr'>hac</span> <span class='ocrx_word' id='word_1_122' title='bbox 627 2045 765 2098; x_wconf 89' lang='lat' dir='ltr'>parte</span> <span class='ocrx_word' id='word_1_123' title='bbox 793 2034 1135 2096; x_wconf 87' lang='lat' dir='ltr'>componenda</span> <span class='ocrx_word' id='word_1_124' title='bbox 1157 2035 1412 2082; x_wconf 89' lang='lat' dir='ltr'>Posidonii</span> <span class='ocrx_word' id='word_1_125' title='bbox 1439 2035 1619 2082; x_wconf 84' lang='lat' dir='ltr'>Rhodii</span> <span class='ocrx_word' id='word_1_126' title='bbox 1650 2035 1798 2083; x_wconf 87' lang='lat' dir='ltr'>libros</span> <span class='ocrx_word' id='word_1_127' title='bbox 1823 2039 1931 2097; x_wconf 84' lang='grc' dir='ltr'>περὶ</span> 
     </span>
     <span class='ocr_line' id='line_1_19' title="bbox 247 2099 1929 2161; baseline 0.001 -14"><span class='ocrx_word' id='word_1_128' title='bbox 247 2099 381 2148; x_wconf 72' lang='grc' dir='ltr'>θεῶν</span> <span class='ocrx_word' id='word_1_129' title='bbox 403 2109 616 2148; x_wconf 79' lang='lat' dir='ltr'>secutuS.</span> <span class='ocrx_word' id='word_1_130' title='bbox 689 2100 876 2149; x_wconf 90' lang='lat' dir='ltr'>Contra</span> <span class='ocrx_word' id='word_1_131' title='bbox 895 2100 982 2147; x_wconf 90' lang='lat' dir='ltr'>hos</span> <span class='ocrx_word' id='word_1_132' title='bbox 1006 2100 1077 2147; x_wconf 88' lang='lat' dir='ltr'>ita.</span> <span class='ocrx_word' id='word_1_133' title='bbox 1099 2100 1433 2161; x_wconf 86' lang='lat' dir='ltr'>disputantem</span> <span class='ocrx_word' id='word_1_134' title='bbox 1460 2101 1575 2148; x_wconf 90' lang='lat' dir='ltr'>fecit</span> <span class='ocrx_word' id='word_1_135' title='bbox 1595 2100 1651 2150; x_wconf 87' lang='lat' dir='ltr'>C.</span> <span class='ocrx_word' id='word_1_136' title='bbox 1670 2101 1929 2150; x_wconf 84' lang='lat' dir='ltr'>Aurelium</span> 
     </span>
     <span class='ocr_line' id='line_1_20' title="bbox 249 2164 1925 2227; baseline 0 -14"><span class='ocrx_word' id='word_1_137' title='bbox 249 2165 470 2225; x_wconf 85' lang='lat' dir='ltr'>Cottam,</span> <span class='ocrx_word' id='word_1_138' title='bbox 489 2175 736 2220; x_wconf 87' lang='lat' dir='ltr'>oratorem</span> <span class='ocrx_word' id='word_1_139' title='bbox 769 2180 869 2212; x_wconf 91' lang='lat' dir='ltr'>non</span> <span class='ocrx_word' id='word_1_140' title='bbox 903 2164 1186 2224; x_wconf 89' lang='lat' dir='ltr'>ignobilem,</span> <span class='ocrx_word' id='word_1_141' title='bbox 1209 2181 1322 2213; x_wconf 90' lang='lat' dir='ltr'>eum</span> <span class='ocrx_word' id='word_1_142' title='bbox 1359 2166 1444 2227; x_wconf 92' lang='lat' dir='ltr'>qui</span> <span class='ocrx_word' id='word_1_143' title='bbox 1479 2176 1625 2213; x_wconf 85' lang='lat' dir='ltr'>natus</span> <span class='ocrx_word' id='word_1_144' title='bbox 1653 2181 1783 2213; x_wconf 86' lang='lat' dir='ltr'>anno</span> <span class='ocrx_word' id='word_1_145' title='bbox 1814 2171 1925 2214; x_wconf 51' lang='lat' dir='ltr'>use.</span> 
     </span>
     <span class='ocr_line' id='line_1_21' title="bbox 247 2231 1929 2293; baseline 0.002 -17"><span class='ocrx_word' id='word_1_146' title='bbox 247 2231 363 2290; x_wconf 87' lang='lat'>630,</span> <span class='ocrx_word' id='word_1_147' title='bbox 384 2244 515 2277; x_wconf 92' lang='lat' dir='ltr'>anno</span> <span class='ocrx_word' id='word_1_148' title='bbox 549 2239 714 2277; x_wconf 86' lang='lat' dir='ltr'>autem</span> <span class='ocrx_word' id='word_1_149' title='bbox 744 2233 857 2289; x_wconf 87' lang='lat'>663,</span> <span class='ocrx_word' id='word_1_150' title='bbox 879 2245 994 2277; x_wconf 85' lang='lat' dir='ltr'>cum</span> <span class='ocrx_word' id='word_1_151' title='bbox 1030 2231 1336 2278; x_wconf 88' lang='lat' dir='ltr'>tribunatum</span> <span class='ocrx_word' id='word_1_152' title='bbox 1359 2239 1561 2293; x_wconf 91' lang='lat' dir='ltr'>peteret,</span> <span class='ocrx_word' id='word_1_153' title='bbox 1582 2241 1690 2290; x_wconf 86' lang='lat' dir='ltr'>post</span> <span class='ocrx_word' id='word_1_154' title='bbox 1719 2243 1929 2279; x_wconf 88' lang='lat' dir='ltr'>mortem</span> 
     </span>
     <span class='ocr_line' id='line_1_22' title="bbox 248 2294 1931 2357; baseline 0.001 -16"><span class='ocrx_word' id='word_1_155' title='bbox 248 2294 417 2342; x_wconf 85' lang='lat' dir='ltr'>Crassi</span> <span class='ocrx_word' id='word_1_156' title='bbox 456 2295 687 2357; x_wconf 87' lang='lat' dir='ltr'>depulsus</span> <span class='ocrx_word' id='word_1_157' title='bbox 719 2310 807 2357; x_wconf 88' lang='lat' dir='ltr'>per</span> <span class='ocrx_word' id='word_1_158' title='bbox 839 2295 1077 2342; x_wconf 83' lang='lat' dir='ltr'>invidiam</span> <span class='ocrx_word' id='word_1_159' title='bbox 1113 2296 1363 2343; x_wconf 85' lang='lat' dir='ltr'>tribunatu</span> <span class='ocrx_word' id='word_1_160' title='bbox 1399 2305 1448 2343; x_wconf 89' lang='lat' dir='ltr'>et</span> <span class='ocrx_word' id='word_1_161' title='bbox 1482 2295 1590 2355; x_wconf 89' lang='lat' dir='ltr'>lege</span> <span class='ocrx_word' id='word_1_162' title='bbox 1624 2297 1782 2343; x_wconf 85' lang='lat' dir='ltr'>Varia</span> <span class='ocrx_word' id='word_1_163' title='bbox 1820 2312 1931 2344; x_wconf 86' lang='lat' dir='ltr'>reus</span> 
     </span>
     <span class='ocr_line' id='line_1_23' title="bbox 246 2359 1932 2410; baseline 0.001 -3"><span class='ocrx_word' id='word_1_164' title='bbox 246 2359 522 2407; x_wconf 89' lang='lat' dir='ltr'>maiestatis</span> <span class='ocrx_word' id='word_1_165' title='bbox 555 2361 716 2408; x_wconf 86' lang='lat' dir='ltr'>factus</span> <span class='ocrx_word' id='word_1_166' title='bbox 749 2370 799 2408; x_wconf 89' lang='lat' dir='ltr'>et</span> <span class='ocrx_word' id='word_1_167' title='bbox 832 2375 859 2408; x_wconf 94' lang='lat' dir='ltr'>e</span> <span class='ocrx_word' id='word_1_168' title='bbox 894 2360 1092 2408; x_wconf 84' lang='lat' dir='ltr'>civitate</span> <span class='ocrx_word' id='word_1_169' title='bbox 1127 2361 1312 2408; x_wconf 88' lang='lat' dir='ltr'>eiectus</span> <span class='ocrx_word' id='word_1_170' title='bbox 1339 2361 1389 2408; x_wconf 87' lang='lat' dir='ltr'>in</span> <span class='ocrx_word' id='word_1_171' title='bbox 1426 2361 1636 2410; x_wconf 78' lang='lat' dir='ltr'>Graecia</span> <span class='ocrx_word' id='word_1_172' title='bbox 1670 2362 1721 2408; x_wconf 92' lang='lat' dir='ltr'>in</span> <span class='ocrx_word' id='word_1_173' title='bbox 1756 2362 1932 2409; x_wconf 86' lang='lat' dir='ltr'>exsilio</span> 
     </span>
     <span class='ocr_line' id='line_1_24' title="bbox 246 2424 1932 2485; baseline 0.002 -14"><span class='ocrx_word' id='word_1_174' title='bbox 246 2424 393 2484; x_wconf 82' lang='lat' dir='ltr'>vixit,</span> <span class='ocrx_word' id='word_1_175' title='bbox 415 2439 546 2472; x_wconf 88' lang='lat' dir='ltr'>anno</span> <span class='ocrx_word' id='word_1_176' title='bbox 573 2435 740 2474; x_wconf 87' lang='lat' dir='ltr'>autem</span> <span class='ocrx_word' id='word_1_177' title='bbox 762 2429 875 2485; x_wconf 83' lang='lat'>672,</span> <span class='ocrx_word' id='word_1_178' title='bbox 894 2441 1007 2473; x_wconf 86' lang='lat' dir='ltr'>cum</span> <span class='ocrx_word' id='word_1_179' title='bbox 1035 2426 1092 2474; x_wconf 88' lang='lat' dir='ltr'>L.</span> <span class='ocrx_word' id='word_1_180' title='bbox 1114 2426 1250 2475; x_wconf 85' lang='lat' dir='ltr'>Sulla</span> <span class='ocrx_word' id='word_1_181' title='bbox 1274 2426 1418 2474; x_wconf 88' lang='lat' dir='ltr'>rediit</span> <span class='ocrx_word' id='word_1_182' title='bbox 1441 2436 1490 2473; x_wconf 89' lang='lat' dir='ltr'>et</span> <span class='ocrx_word' id='word_1_183' title='bbox 1513 2442 1627 2474; x_wconf 90' lang='lat' dir='ltr'>cum</span> <span class='ocrx_word' id='word_1_184' title='bbox 1652 2427 1709 2474; x_wconf 91' lang='lat' dir='ltr'>L.</span> <span class='ocrx_word' id='word_1_185' title='bbox 1724 2427 1932 2476; x_wconf 85' lang='lat' dir='ltr'>Octavio</span> 
     </span>
     <span class='ocr_line' id='line_1_25' title="bbox 246 2490 1932 2553; baseline 0.002 -16"><span class='ocrx_word' id='word_1_186' title='bbox 246 2490 423 2537; x_wconf 90' lang='lat' dir='ltr'>consul</span> <span class='ocrx_word' id='word_1_187' title='bbox 452 2490 547 2537; x_wconf 85' lang='lat' dir='ltr'>fuit</span> <span class='ocrx_word' id='word_1_188' title='bbox 579 2505 710 2539; x_wconf 89' lang='lat' dir='ltr'>anno</span> <span class='ocrx_word' id='word_1_189' title='bbox 744 2507 789 2538; x_wconf 93' lang='lat' dir='ltr'>u.</span> <span class='ocrx_word' id='word_1_190' title='bbox 816 2506 857 2540; x_wconf 89' lang='lat' dir='ltr'>c.</span> <span class='ocrx_word' id='word_1_191' title='bbox 880 2493 993 2551; x_wconf 83' lang='lat'>679,</span> <span class='ocrx_word' id='word_1_192' title='bbox 1014 2500 1068 2538; x_wconf 89' lang='lat' dir='ltr'>ut</span> <span class='ocrx_word' id='word_1_193' title='bbox 1102 2494 1158 2551; x_wconf 82' lang='lat' dir='ltr'>iS‚</span> <span class='ocrx_word' id='word_1_194' title='bbox 1182 2507 1309 2553; x_wconf 88' lang='lat' dir='ltr'>quae</span> <span class='ocrx_word' id='word_1_195' title='bbox 1337 2491 1625 2539; x_wconf 85' lang='lat' dir='ltr'>Academici</span> <span class='ocrx_word' id='word_1_196' title='bbox 1658 2492 1719 2540; x_wconf 94' lang='lat' dir='ltr'>de</span> <span class='ocrx_word' id='word_1_197' title='bbox 1753 2502 1932 2540; x_wconf 85' lang='lat' dir='ltr'>natura</span> 
     </span>
     <span class='ocr_line' id='line_1_26' title="bbox 246 2555 1931 2618; baseline 0.002 -16"><span class='ocrx_word' id='word_1_198' title='bbox 246 2555 456 2603; x_wconf 89' lang='lat' dir='ltr'>deorum</span> <span class='ocrx_word' id='word_1_199' title='bbox 483 2555 778 2615; x_wconf 89' lang='lat' dir='ltr'>docuissent,</span> <span class='ocrx_word' id='word_1_200' title='bbox 803 2565 1083 2604; x_wconf 81' lang='lat' dir='ltr'>enarraret:</span> <span class='ocrx_word' id='word_1_201' title='bbox 1124 2556 1174 2603; x_wconf 91' lang='lat' dir='ltr'>in</span> <span class='ocrx_word' id='word_1_202' title='bbox 1204 2571 1411 2618; x_wconf 87' lang='lat' dir='ltr'>quorum</span> <span class='ocrx_word' id='word_1_203' title='bbox 1439 2558 1710 2618; x_wconf 80' lang='lat' dir='ltr'>praeceptis</span> <span class='ocrx_word' id='word_1_204' title='bbox 1736 2557 1931 2605; x_wconf 86' lang='lat' dir='ltr'>traden-</span> 
     </span>
     <span class='ocr_line' id='line_1_27' title="bbox 245 2620 1931 2684; baseline 0.002 -17"><span class='ocrx_word' id='word_1_205' title='bbox 245 2620 326 2667; x_wconf 87' lang='lat' dir='ltr'>dis</span> <span class='ocrx_word' id='word_1_206' title='bbox 354 2620 528 2669; x_wconf 89' lang='lat' dir='ltr'>Cicero</span> <span class='ocrx_word' id='word_1_207' title='bbox 556 2620 674 2684; x_wconf 90' lang='lat' dir='ltr'>ipse,</span> <span class='ocrx_word' id='word_1_208' title='bbox 696 2633 749 2669; x_wconf 89' lang='grc' dir='ltr'>ιιι</span> <span class='ocrx_word' id='word_1_209' title='bbox 772 2621 979 2682; x_wconf 84' lang='lat' dir='ltr'>videtur,</span> <span class='ocrx_word' id='word_1_210' title='bbox 1001 2622 1300 2669; x_wconf 82' lang='lat' dir='ltr'>Clitomachi</span> <span class='ocrx_word' id='word_1_211' title='bbox 1325 2622 1753 2681; x_wconf 83' lang='lat' dir='ltr'>Karthaginiensis</span> <span class='ocrx_word' id='word_1_212' title='bbox 1781 2622 1931 2670; x_wconf 90' lang='lat' dir='ltr'>libros</span> 
     </span>
     <span class='ocr_line' id='line_1_28' title="bbox 245 2686 1931 2748; baseline 0.001 -15"><span class='ocrx_word' id='word_1_213' title='bbox 245 2695 446 2734; x_wconf 88' lang='lat' dir='ltr'>secutus</span> <span class='ocrx_word' id='word_1_214' title='bbox 469 2693 559 2735; x_wconf 89' lang='lat' dir='ltr'>est.</span> <span class='ocrx_word' id='word_1_215' title='bbox 619 2687 728 2736; x_wconf 90' lang='lat' dir='ltr'>Hos</span> <span class='ocrx_word' id='word_1_216' title='bbox 752 2696 849 2734; x_wconf 83' lang='lat' dir='ltr'>tres</span> <span class='ocrx_word' id='word_1_217' title='bbox 874 2686 1094 2734; x_wconf 87' lang='lat' dir='ltr'>homines</span> <span class='ocrx_word' id='word_1_218' title='bbox 1118 2687 1253 2748; x_wconf 89' lang='lat' dir='ltr'>apud</span> <span class='ocrx_word' id='word_1_219' title='bbox 1275 2687 1332 2735; x_wconf 90' lang='lat' dir='ltr'>C.</span> <span class='ocrx_word' id='word_1_220' title='bbox 1358 2686 1560 2735; x_wconf 90' lang='lat' dir='ltr'>Cottam</span> <span class='ocrx_word' id='word_1_221' title='bbox 1583 2687 1716 2734; x_wconf 90' lang='lat' dir='ltr'>feriis</span> <span class='ocrx_word' id='word_1_222' title='bbox 1736 2687 1931 2735; x_wconf 89' lang='lat' dir='ltr'>Latinis</span> 
     </span>
     <span class='ocr_line' id='line_1_29' title="bbox 244 2751 1932 2811; baseline 0.001 -13"><span class='ocrx_word' id='word_1_223' title='bbox 244 2751 433 2798; x_wconf 83' lang='lat' dir='ltr'>annum</span> <span class='ocrx_word' id='word_1_224' title='bbox 459 2751 586 2799; x_wconf 90' lang='lat' dir='ltr'>inter</span> <span class='ocrx_word' id='word_1_225' title='bbox 609 2767 655 2800; x_wconf 89' lang='lat' dir='ltr'>u.</span> <span class='ocrx_word' id='word_1_226' title='bbox 680 2767 722 2800; x_wconf 88' lang='lat' dir='ltr'>c.</span> <span class='ocrx_word' id='word_1_227' title='bbox 746 2755 842 2801; x_wconf 87' lang='lat'>676</span> <span class='ocrx_word' id='word_1_228' title='bbox 869 2761 919 2798; x_wconf 90' lang='lat' dir='ltr'>et</span> <span class='ocrx_word' id='word_1_229' title='bbox 947 2767 1135 2799; x_wconf 87' lang='lat' dir='ltr'>annum</span> <span class='ocrx_word' id='word_1_230' title='bbox 1158 2754 1272 2811; x_wconf 76' lang='lat'>679,</span> <span class='ocrx_word' id='word_1_231' title='bbox 1292 2753 1419 2800; x_wconf 88' lang='lat' dir='ltr'>inter</span> <span class='ocrx_word' id='word_1_232' title='bbox 1445 2768 1497 2800; x_wconf 92' lang='lat' dir='ltr'>se</span> <span class='ocrx_word' id='word_1_233' title='bbox 1525 2752 1587 2799; x_wconf 88' lang='lat' dir='ltr'>de</span> <span class='ocrx_word' id='word_1_234' title='bbox 1613 2761 1791 2800; x_wconf 85' lang='lat' dir='ltr'>natura</span> <span class='ocrx_word' id='word_1_235' title='bbox 1815 2753 1932 2800; x_wconf 80' lang='lat' dir='ltr'>‹leo-</span> 
     </span>
     <span class='ocr_line' id='line_1_30' title="bbox 243 2815 1931 2879; baseline 0.001 -16"><span class='ocrx_word' id='word_1_236' title='bbox 243 2831 357 2863; x_wconf 86' lang='lat' dir='ltr'>rum</span> <span class='ocrx_word' id='word_1_237' title='bbox 380 2815 712 2879; x_wconf 91' lang='lat' dir='ltr'>colloquentes</span> <span class='ocrx_word' id='word_1_238' title='bbox 732 2817 866 2876; x_wconf 89' lang='lat' dir='ltr'>facit,</span> <span class='ocrx_word' id='word_1_239' title='bbox 887 2817 995 2879; x_wconf 89' lang='lat' dir='ltr'>ipso</span> <span class='ocrx_word' id='word_1_240' title='bbox 1023 2817 1270 2875; x_wconf 86' lang='lat' dir='ltr'>audiente,</span> <span class='ocrx_word' id='word_1_241' title='bbox 1292 2818 1376 2879; x_wconf 90' lang='lat' dir='ltr'>qui</span> <span class='ocrx_word' id='word_1_242' title='bbox 1399 2817 1547 2879; x_wconf 89' lang='lat' dir='ltr'>paulo</span> <span class='ocrx_word' id='word_1_243' title='bbox 1570 2827 1685 2865; x_wconf 88' lang='lat' dir='ltr'>ante</span> <span class='ocrx_word' id='word_1_244' title='bbox 1710 2818 1761 2865; x_wconf 89' lang='lat' dir='ltr'>in</span> <span class='ocrx_word' id='word_1_245' title='bbox 1781 2817 1931 2865; x_wconf 82' lang='lat' dir='ltr'>Grae-</span> 
     </span>
     <span class='ocr_line' id='line_1_31' title="bbox 244 2881 1930 2944; baseline 0.002 -17"><span class='ocrx_word' id='word_1_246' title='bbox 244 2882 329 2928; x_wconf 88' lang='lat' dir='ltr'>cia</span> <span class='ocrx_word' id='word_1_247' title='bbox 362 2881 525 2929; x_wconf 90' lang='lat' dir='ltr'>studio</span> <span class='ocrx_word' id='word_1_248' title='bbox 559 2882 892 2944; x_wconf 88' lang='lat' dir='ltr'>philosophiae</span> <span class='ocrx_word' id='word_1_249' title='bbox 926 2897 1129 2943; x_wconf 85' lang='lat' dir='ltr'>operam</span> <span class='ocrx_word' id='word_1_250' title='bbox 1164 2882 1383 2930; x_wconf 87' lang='lat' dir='ltr'>dederat.</span> <span class='ocrx_word' id='word_1_251' title='bbox 1473 2883 1729 2930; x_wconf 87' lang='lat' dir='ltr'>Scribebat</span> <span class='ocrx_word' id='word_1_252' title='bbox 1763 2893 1930 2930; x_wconf 86' lang='lat' dir='ltr'>autem</span> 
     </span>
     <span class='ocr_line' id='line_1_32' title="bbox 244 2945 1927 3009; baseline 0.001 -16"><span class='ocrx_word' id='word_1_253' title='bbox 244 2946 340 2993; x_wconf 89' lang='lat' dir='ltr'>hos</span> <span class='ocrx_word' id='word_1_254' title='bbox 362 2945 527 3005; x_wconf 67' lang='lat' dir='ltr'>libros»,</span> <span class='ocrx_word' id='word_1_255' title='bbox 551 2954 604 2994; x_wconf 87' lang='lat' dir='ltr'>ut</span> <span class='ocrx_word' id='word_1_256' title='bbox 624 2947 787 3006; x_wconf 85' lang='lat' dir='ltr'>colligi</span> <span class='ocrx_word' id='word_1_257' title='bbox 809 2956 969 3009; x_wconf 88' lang='lat' dir='ltr'>potest</span> <span class='ocrx_word' id='word_1_258' title='bbox 991 2962 1057 2995; x_wconf 84' lang='lat' dir='ltr'>ex</span> <span class='ocrx_word' id='word_1_259' title='bbox 1081 2947 1222 3007; x_wconf 87' lang='lat' dir='ltr'>epist.</span> <span class='ocrx_word' id='word_1_260' title='bbox 1247 2945 1317 2993; x_wconf 81' lang='lat' dir='ltr'>ad</span> <span class='ocrx_word' id='word_1_261' title='bbox 1331 2945 1554 2994; x_wconf 80' lang='lat' dir='ltr'>Atticum</span> <span class='ocrx_word' id='word_1_262' title='bbox 1578 2948 1659 2996; x_wconf 92' lang='lat' dir='ltr'>lib.</span> <span class='ocrx_word' id='word_1_263' title='bbox 1680 2948 1832 2995; x_wconf 83' lang='lat' dir='ltr'>XIII.</span> <span class='ocrx_word' id='word_1_264' title='bbox 1853 2963 1927 3008; x_wconf 88' lang='lat' dir='ltr'>ep.</span> 
     </span>
     <span class='ocr_line' id='line_1_33' title="bbox 244 3009 1923 3074; baseline -0.001 -14"><span class='ocrx_word' id='word_1_265' title='bbox 244 3013 330 3071; x_wconf 81' lang='lat'>39,</span> <span class='ocrx_word' id='word_1_266' title='bbox 353 3009 379 3068; x_wconf 64' lang='grc' dir='ltr'><strong>ξ</strong></span> <span class='ocrx_word' id='word_1_267' title='bbox 406 3014 454 3072; x_wconf 86' lang='grc'>2,</span> <span class='ocrx_word' id='word_1_268' title='bbox 473 3012 554 3059; x_wconf 91' lang='lat' dir='ltr'>ubi</span> <span class='ocrx_word' id='word_1_269' title='bbox 583 3013 707 3074; x_wconf 88' lang='lat' dir='ltr'>petit</span> <span class='ocrx_word' id='word_1_270' title='bbox 734 3020 789 3060; x_wconf 92' lang='grc' dir='ltr'>ιιι</span> <span class='ocrx_word' id='word_1_271' title='bbox 812 3012 894 3060; x_wconf 90' lang='lat' dir='ltr'>ille</span> <span class='ocrx_word' id='word_1_272' title='bbox 921 3012 1012 3059; x_wconf 89' lang='lat' dir='ltr'>sibi</span> <span class='ocrx_word' id='word_1_273' title='bbox 1042 3013 1210 3059; x_wconf 90' lang='lat' dir='ltr'>mittat</span> <span class='ocrx_word' id='word_1_274' title='bbox 1231 3012 1380 3058; x_wconf 89' lang='lat' dir='ltr'>libros</span> <span class='ocrx_word' id='word_1_275' title='bbox 1405 3012 1622 3059; x_wconf 83' lang='lat' dir='ltr'>Phaedri</span> <span class='ocrx_word' id='word_1_276' title='bbox 1646 3013 1754 3073; x_wconf 82' lang='grc' dir='ltr'><em>περὶ</em></span> <span class='ocrx_word' id='word_1_277' title='bbox 1778 3013 1923 3070; x_wconf 67' lang='grc' dir='ltr'><strong>θεῶν,</strong></span> 
     </span>
     <span class='ocr_line' id='line_1_34' title="bbox 244 3075 1923 3137; baseline 0 -14"><span class='ocrx_word' id='word_1_278' title='bbox 244 3086 436 3124; x_wconf 89' lang='lat' dir='ltr'>aestate</span> <span class='ocrx_word' id='word_1_279' title='bbox 453 3077 568 3124; x_wconf 88' lang='lat' dir='ltr'>anni</span> <span class='ocrx_word' id='word_1_280' title='bbox 590 3093 636 3125; x_wconf 92' lang='grc' dir='ltr'>ιι.</span> <span class='ocrx_word' id='word_1_281' title='bbox 658 3092 699 3126; x_wconf 89' lang='lat' dir='ltr'>c.</span> <span class='ocrx_word' id='word_1_282' title='bbox 724 3080 834 3137; x_wconf 82' lang='lat'>709,</span> <span class='ocrx_word' id='word_1_283' title='bbox 855 3077 1062 3124; x_wconf 79' lang='lat' dir='ltr'>absolvit</span> <span class='ocrx_word' id='word_1_284' title='bbox 1080 3085 1212 3124; x_wconf 86' lang='lat' dir='ltr'>ce&#39;rte</span> <span class='ocrx_word' id='word_1_285' title='bbox 1230 3085 1345 3123; x_wconf 84' lang='lat' dir='ltr'>ante</span> <span class='ocrx_word' id='word_1_286' title='bbox 1364 3077 1483 3124; x_wconf 90' lang='lat' dir='ltr'>Idus</span> <span class='ocrx_word' id='word_1_287' title='bbox 1499 3076 1661 3123; x_wconf 86' lang='lat' dir='ltr'>Maias</span> <span class='ocrx_word' id='word_1_288' title='bbox 1679 3075 1794 3122; x_wconf 88' lang='lat' dir='ltr'>anni</span> <span class='ocrx_word' id='word_1_289' title='bbox 1813 3091 1858 3122; x_wconf 94' lang='lat' dir='ltr'>u.</span> <span class='ocrx_word' id='word_1_290' title='bbox 1880 3090 1923 3123; x_wconf 88' lang='lat' dir='ltr'>c.</span> 
     </span>
     <span class='ocr_line' id='line_1_35' title="bbox 246 3138 1929 3203; baseline -0.004 -13"><span class='ocrx_word' id='word_1_291' title='bbox 246 3144 362 3199; x_wconf 85' lang='lat'>710,</span> <span class='ocrx_word' id='word_1_292' title='bbox 382 3150 437 3189; x_wconf 90' lang='lat' dir='ltr'>ut</span> <span class='ocrx_word' id='word_1_293' title='bbox 460 3142 760 3201; x_wconf 87' lang='lat' dir='ltr'>intellegitur</span> <span class='ocrx_word' id='word_1_294' title='bbox 781 3158 846 3190; x_wconf 84' lang='lat' dir='ltr'>ex</span> <span class='ocrx_word' id='word_1_295' title='bbox 869 3142 953 3189; x_wconf 89' lang='lat' dir='ltr'>lib.</span> <span class='ocrx_word' id='word_1_296' title='bbox 973 3143 1030 3201; x_wconf 92' lang='lat' dir='ltr'>I.,</span> <span class='ocrx_word' id='word_1_297' title='bbox 1055 3157 1161 3203; x_wconf 88' lang='lat' dir='ltr'>cap.</span> <span class='ocrx_word' id='word_1_298' title='bbox 1187 3143 1234 3200; x_wconf 84' lang='lat'>4,</span> <span class='ocrx_word' id='word_1_299' title='bbox 1260 3141 1286 3197; x_wconf 63' lang='grc' dir='ltr'><strong>ξ</strong></span> <span class='ocrx_word' id='word_1_300' title='bbox 1307 3144 1350 3188; x_wconf 90' lang='grc'>7.</span> <span class='ocrx_word' id='word_1_301' title='bbox 1414 3142 1476 3186; x_wconf 90' lang='lat' dir='ltr'>ln</span> <span class='ocrx_word' id='word_1_302' title='bbox 1500 3141 1590 3186; x_wconf 91' lang='lat' dir='ltr'>hoc</span> <span class='ocrx_word' id='word_1_303' title='bbox 1615 3148 1779 3187; x_wconf 87' lang='lat' dir='ltr'>autem</span> <span class='ocrx_word' id='word_1_304' title='bbox 1805 3138 1929 3184; x_wconf 89' lang='lat' dir='ltr'>libro</span> 
     </span>
     <span class='ocr_line' id='line_1_36' title="bbox 241 3205 1928 3268; baseline -0.004 -15"><span class='ocrx_word' id='word_1_305' title='bbox 241 3206 409 3267; x_wconf 87' lang='lat' dir='ltr'>primo</span> <span class='ocrx_word' id='word_1_306' title='bbox 444 3207 502 3254; x_wconf 87' lang='lat' dir='ltr'>de</span> <span class='ocrx_word' id='word_1_307' title='bbox 536 3215 720 3257; x_wconf 81' lang='lat' dir='ltr'>natura</span> <span class='ocrx_word' id='word_1_308' title='bbox 754 3205 962 3266; x_wconf 84' lang='lat' dir='ltr'>deorum,</span> <span class='ocrx_word' id='word_1_309' title='bbox 992 3220 1114 3268; x_wconf 90' lang='lat' dir='ltr'>quos</span> <span class='ocrx_word' id='word_1_310' title='bbox 1149 3206 1286 3253; x_wconf 80' lang='lat' dir='ltr'>misit</span> <span class='ocrx_word' id='word_1_311' title='bbox 1319 3205 1382 3251; x_wconf 88' lang='lat' dir='ltr'>ad</span> <span class='ocrx_word' id='word_1_312' title='bbox 1418 3205 1490 3251; x_wconf 91' lang='lat' dir='ltr'>M.</span> <span class='ocrx_word' id='word_1_313' title='bbox 1520 3205 1751 3261; x_wconf 87' lang='lat' dir='ltr'>Brutum,</span> <span class='ocrx_word' id='word_1_314' title='bbox 1780 3216 1928 3261; x_wconf 85' lang='lat' dir='ltr'>quem</span> 
     </span>
    </p>
   </div>
  </div>
 </body>
</html>
