2205 3431
855 139 1227 199 CAk’.11.-V.‚
1259 138 1287 197 ς
1311 140 1423 187 4-9.
1886 143 1982 187 255

382 238 486 296 IV.
574 239 625 296 7.
671 238 785 297 Sed
818 230 1215 310 Posidonium,
1247 240 1394 296 sicut
1427 258 1668 315 aequum
1712 247 1813 308 est,
1851 260 1982 297 cnm

304 318 455 375 bona
481 319 665 394 gratia
699 318 1072 388 dimittamUS,
1098 318 1173 375 ad
1200 318 1513 395 Chrysippi
1541 319 1773 395 laqueos
1805 339 1983 376 rever-

303 406 504 454 tamur.
590 398 700 455 Cui
735 399 965 474 quidem
1000 399 1252 475 primum
1295 399 1366 455 de
1399 399 1524 474 ipsa
1563 408 1751 455 re‘rum
1794 406 1983 456 conta-

302 479 473 551 gione
528 478 987 553 respondeamus,
1039 478 1257 554 reliqua
1310 487 1510 554 postea
1563 498 1978 554 persequemur.

303 556 460 614 Inter
507 556 762 613 locorum
811 564 1040 613 naturas
1094 563 1374 633 quantum
1423 558 1648 614 intersit
1689 558 1980 614 videmus:

303 636 444 692 alios
477 655 597 692 esse
630 636 895 707 salubreS,
927 636 1068 692 alios
1096 637 1459 712 pestilentes:
1504 638 1564 692 in
1596 637 1720 693 aliis
1754 656 1873 694 esse
1901 637 1984 713 pi-

302 717 547 772 tuitosos
590 722 647 772 et
682 716 843 791 quasi
876 716 1276 787 redundanteS,
1307 716 1369 771 in
1402 715 1527 772 aliis
1561 716 1871 773 exsiccatos
1904 727 1984 773 at-

304 813 413 871 que
447 795 668 851 aridos:
712 795 1005 870 multaque
1039 802 1174 851 sunt
1201 794 1326 863 alia,
1353 814 1497 871 quae
1525 796 1675 852 inter
1700 795 1891 852 locum
1926 804 1983 853 et

302 874 492 931 locum
525 873 835 950 plurimum
870 874 1159 931 differunt.
1244 873 1491 931 Athenis
1532 881 1703 933 tenue
1745 875 1979 945 caelum,

303 973 373 1010 ex
429 973 542 1030 quo
598 954 769 1010 etiam
826 954 1107 1010 acutiores
1161 961 1437 1029 putantur
1480 954 1681 1025 Attici,
1732 974 1980 1011 crassum

302 1033 531 1103 Thebis,
556 1033 749 1109 itaque
777 1034 1021 1109 pingues
1047 1031 1307 1105 Thebani
1341 1039 1400 1090 et
1428 1033 1692 1091 valentes.
1765 1034 1982 1091 Tamen

301 1131 486 1188 neque
529 1112 671 1168 illud
712 1119 884 1169 tenue
928 1112 1147 1169 caelum
1193 1112 1414 1183 efficiet,
1445 1121 1511 1170 ut
1555 1121 1655 1170 aut
1695 1113 1982 1171 Zenonem

304 1193 431 1268 quis
464 1199 563 1249 aut
591 1191 906 1248 Arcesilam
940 1198 1039 1248 aut
1067 1192 1528 1267 Theophrastum
1563 1193 1773 1263 audiat,
1798 1212 1982 1270 neque

303 1291 569 1341 crassum,
605 1279 671 1328 ut
716 1271 933 1328 Nemea
975 1272 1171 1347 potius
1214 1291 1384 1347 quam
1428 1272 1650 1329 Isthmo
1686 1273 1980 1330 victoriam

302 1358 476 1427 petat.
556 1358 607 1408 8.
651 1350 934 1427 Disiunge
962 1351 1205 1427 longius.
1279 1350 1432 1419 Quid
1461 1352 1613 1408 enim
1641 1352 1752 1409 loci
1781 1359 1982 1409 natura

303 1431 524 1487 adferre
556 1437 764 1507 potest,
789 1438 856 1487 ut
882 1431 943 1486 in
970 1431 1198 1507 porticu
1226 1431 1471 1507 Pompei
1500 1432 1692 1506 potius
1724 1451 1893 1508 quam
1923 1432 1981 1489 in

303 1529 507 1587 campo
536 1510 928 1567 ambulemus?
968 1517 1158 1567 tecum
1191 1529 1362 1587 quam
1391 1530 1521 1567 eum
1551 1511 1700 1568 alio?
1782 1510 1982 1568 Idibus

302 1591 496 1666 potius
538 1609 709 1666 quam
741 1589 1056 1647 Kalendis?
1135 1590 1224 1648 Ut
1257 1590 1434 1666 igitur
1473 1590 1547 1648 ad
1580 1591 1853 1667 quasdam
1893 1610 1983 1648 res

302 1676 504 1727 natura
530 1669 641 1727 loci
662 1670 910 1747 pertinet
936 1669 1168 1747 aliquid,
1194 1669 1267 1728 ad
1297 1671 1570 1747 quasdam
1598 1674 1789 1728 autem
1817 1670 1979 1744 nihil,

303 1751 385 1807 sic
418 1758 699 1808 astrorum
733 1750 984 1807 adfectio
1016 1750 1219 1822 valeat,
1251 1751 1296 1806 si
1331 1751 1432 1822 viS,
1464 1751 1538 1807 ad
1567 1752 1840 1828 quasdam
1875 1771 1979 1821 ι’68,

304 1830 378 1887 ad
411 1849 609 1887 omnes
642 1837 792 1887 certe
825 1849 942 1886 non
974 1830 1201 1887 valebit.
1285 1831 1371 1887 At
1405 1832 1575 1902 enim,
1609 1832 1878 1907 quoniam
1921 1832 1981 1887 in

303 1910 520 1967 naturis
546 1910 850 1966 hominum
885 1910 1380 1967 dissimilitudines
1413 1917 1562 1979 sunt,
1595 1919 1659 1968 ut
1687 1912 1828 1968 alios
1862 1911 1984 1968 dul-

303 1990 407 2060 cia,
437 1989 578 2047 alios
612 1989 909 2047 subamara
941 1989 1241 2060 delectent,
1274 1990 1370 2047 alii
1402 1990 1712 2062 libidinosi,
1749 1992 1847 2048 alii
1880 1992 1984 2048 ira-

303 2069 476 2126 cundi
504 2076 603 2126 aut
630 2069 883 2127 crudeles
917 2076 1017 2126 aut
1045 2070 1273 2145 superbi
1309 2070 1440 2140 sint,
1465 2071 1561 2127 alii
1588 2071 1799 2128 talibus
1828 2072 1982 2128 vitiis

303 2149 675 2207 abhorreant:
721 2150 993 2226 quoniam
1021 2149 1213 2225 igitur,
1239 2150 1442 2225 inquit,
1465 2157 1693 2207 tantum
1721 2158 1923 2208 natura
1949 2171 1983 2208 a

303 2235 505 2285 natura
530 2229 723 2299 distat,
749 2228 888 2305 quid
915 2229 1128 2285 mirum
1156 2235 1242 2285 est
1262 2228 1364 2285 has
1394 2230 1886 2288 dissimilitudines
1913 2251 1981 2288 ex

303 2308 700 2365 differentibus
728 2309 910 2366 causis
939 2327 1059 2365 esse
1086 2309 1307 2365 factas?

384 2387 457 2445 V.
537 2393 588 2445 9.
634 2387 794 2445 Haec
823 2388 1104 2445 disserens
1134 2408 1246 2465 qua
1274 2388 1345 2446 de
1372 2408 1432 2445 re
1460 2395 1662 2465 agatur
1690 2393 1749 2446 et
1775 2389 1836 2446 in
1868 2409 1981 2466 quo

303 2486 471 2524 causa
504 2467 779 2524 consistat
805 2486 923 2523 non
951 2467 1124 2525 videt.
1209 2468 1267 2524 N
1269 2488 1341 2525 on
1373 2468 1544 2539 enim,
1570 2469 1616 2524 si
1651 2468 1747 2526 alii
1775 2469 1847 2525 ad
1875 2469 1984 2525 alia

303 2548 702 2623 propensiores
742 2553 875 2603 sunt
907 2554 1144 2623 propter
1184 2567 1377 2604 causas
1417 2549 1700 2605 naturales
1741 2555 1799 2605 et
1832 2556 1984 2605 antc-

304 2627 585 2696 cedenteS,
616 2626 829 2684 idcirco
863 2628 1035 2683 etiam
1064 2633 1386 2683 nostrarum
1414 2627 1776 2684 voluntatum
1812 2635 1983 2704 atque

303 2706 724 2782 appetitionum
761 2713 895 2764 sunt
927 2726 1128 2763 causae
1159 2707 1443 2763 naturales
1476 2714 1535 2763 et
1567 2707 1980 2765 antecedentes.

304 2785 456 2842 Nam
490 2785 633 2842 nihil
669 2793 815 2843 esset
843 2787 904 2841 in
937 2793 1133 2843 nostra
1159 2793 1459 2862 potestate,
1491 2787 1539 2842 si
1566 2787 1649 2842 ita
1680 2805 1769 2843 res
1802 2806 1861 2843 se
1889 2787 1985 2843 ha-

303 2864 477 2922 beret.
556 2865 723 2922 Nunc
754 2885 886 2922 vero
915 2865 1181 2936 fatemur,
1207 2866 1360 2923 acuti
1386 2865 1709 2936 hebetesne,
1733 2866 1985 2924 valentes

304 2944 648 3002 imbecilline
682 2945 874 3015 simne,
899 2964 1016 3001 non
1045 2964 1166 3001 esse
1194 2944 1255 3001 id
1284 2945 1342 3000 in
1376 2944 1558 3001 nobis,
1645 2944 1758 3013 Qui
1791 2954 1980 3003 autem

305 3044 374 3080 ex
402 3042 470 3080 eo
505 3024 636 3099 cogi
663 3031 846 3100 putat,
870 3043 943 3080 ne
976 3030 1042 3081 ut
1070 3024 1367 3081 sedeamus
1398 3024 1627 3099 quidem
1664 3031 1763 3081 aut
1791 3025 1983 3081 ambu-

304 3103 487 3161 lemus
529 3103 841 3161 voluntatis
884 3122 1021 3174 esse,
1058 3104 1108 3160 is
1152 3122 1267 3159 non
1309 3103 1468 3160 videt
1512 3122 1654 3179 quae
1701 3123 1983 3180 quamque

307 3204 424 3240 rem
454 3202 543 3240 res
570 3190 962 3258 consequatur.
1047 3184 1137 3242 Ut
1165 3183 1318 3240 enim
1352 3189 1411 3239 et
1438 3183 1720 3258 ingeniosi
1749 3190 1808 3240 et
1833 3184 1979 3241 tardi

2029 3281 2110 3333 Ι
