2205 3431
481 136 617 185 LIB.
650 135 743 196 11.,
774 134 931 184 CAP.
958 134 1442 196 XLV.—XLVIII.,
1466 133 1494 194 §
1518 137 1730 185 94-100.
1854 140 1947 187 231

271 235 439 307 Nam,
458 235 613 312 quod
641 236 816 305 aiunt,
840 235 1257 312 quadringenta
1283 236 1645 312 septuaginta
1672 235 1831 293 milia
1858 256 1951 293 an-

272 335 478 372 norum
496 316 555 371 in
579 314 966 392 periclitandis
988 315 1456 391 experiendisque
1475 316 1681 391 pueriS,
1698 316 1951 391 quicum-

275 414 383 471 que
406 402 594 451 essent
616 393 1119 470 nati,Babylonios
1142 395 1415 471 posuisse,
1431 394 1653 452 fallunt.
1713 395 1774 452 Si
1797 396 1950 451 enim

271 481 417 531 esset
438 474 782 544 factitatum,
803 493 920 531 non
949 481 1096 531 esset
1117 475 1396 531 desitum:
1439 475 1728 531 neminem
1758 481 1952 531 autem

270 553 546 610 habemus
579 562 868 610 auctorem
904 554 1002 629 qui
1030 553 1091 611 id
1124 562 1225 610 aut
1256 554 1378 611 fieri
1413 555 1567 611 dicat
1600 562 1700 611 aut
1727 555 1950 611 factum

271 634 427 690 sciat.
504 632 748 690 XLVII.
775 633 1028 690 Videsne
1056 652 1150 690 mc
1179 653 1294 689 non
1325 653 1390 690 ea
1419 634 1621 704 dicere,
1648 653 1791 710 quae
1820 634 1953 690 Car-

270 713 494 783 neadeS,
526 713 625 769 sed
673 732 754 782 ea,
788 731 931 788 quae
975 713 1241 789 princeps
1282 713 1606 770 Stoicorum
1643 714 1953 770 Panaetius

271 792 514 849 dixerit?
595 792 721 868 Ego
751 799 939 848 autem
966 793 1138 849 etiam
1163 793 1299 850 haec
1333 794 1599 869 requiro:
1642 793 1948 863 Omnesne,

272 872 370 947 qui
413 871 698 928 Cannensi
731 891 927 948 pugna
970 872 1312 943 ceciderunt,
1342 893 1453 929 uno
1500 880 1652 930 astro
1698 874 1952 930 fuerint?

270 951 474 1007 Exitus
509 951 740 1027 quidem
784 952 1042 1008 omnium
1077 971 1225 1008 unus
1266 959 1324 1009 et
1357 953 1511 1009 idem
1544 953 1674 1010 fuit.
1760 952 1952 1021 Quid?

272 1031 369 1106 qui
400 1031 629 1107 ingenio
664 1037 833 1107 atque
869 1032 1061 1087 animo
1101 1031 1428 1108 singulareS,
1454 1052 1593 1089 num
1628 1040 1780 1089 astro
1816 1052 1952 1109 quo-

272 1129 381 1186 que
412 1111 563 1167 uuo?
637 1109 809 1178 Quod
837 1111 990 1167 enim
1024 1118 1253 1187 tempus
1283 1132 1396 1188 quo
1424 1131 1540 1168 non
1571 1112 1953 1170 innumerabi-

271 1188 352 1246 les
381 1192 719 1247 nascantur?
792 1191 877 1246 At
904 1198 1054 1247 certe
1083 1191 1285 1247 similis
1315 1211 1482 1248 nemo
1512 1192 1771 1249 Homeri.
1855 1198 1947 1248 98.

271 1269 362 1338 Et,
388 1270 434 1326 si
464 1268 538 1326 ad
564 1289 684 1326 rem
714 1271 963 1346 pertinet
992 1290 1107 1347 quo
1142 1271 1316 1327 modo
1352 1271 1507 1328 caelo
1542 1272 1771 1328 adfecto
1799 1290 1953 1328 com-

270 1349 586 1424 positisque
629 1349 908 1406 sideribus
951 1349 1220 1426 quodque
1261 1351 1469 1407 animal
1514 1352 1745 1421 oriatur,
1769 1350 1953 1408 valeat

270 1428 332 1484 id
365 1447 591 1485 necesse
633 1435 720 1485 est
753 1430 926 1486 etiam
960 1430 1021 1486 in
1061 1430 1230 1487 rebus
1264 1430 1549 1488 inanimis
1637 1429 1766 1498 Quo
1811 1429 1952 1506 quid

270 1508 385 1564 dici
418 1515 611 1582 potest
642 1508 981 1566 absurdius?
1062 1509 1124 1567 L.
1152 1509 1384 1585 quidem
1428 1510 1696 1567 Tarutius
1742 1509 1953 1566 Firma-

268 1606 393 1655 nuS,
414 1588 712 1645 familiaris
741 1600 948 1659 noster,
970 1589 1027 1645 in
1051 1589 1254 1665 primis
1282 1589 1605 1646 Chaldaicis
1633 1588 1952 1646 rationibus

270 1667 542 1739 eruditus»,
564 1668 720 1725 urbis
749 1669 919 1726 etiam
953 1676 1177 1727 nostrae
1208 1669 1452 1727 natalem
1476 1670 1628 1727 diem
1659 1668 1953 1747 repetebat

270 1748 342 1804 ab
372 1748 441 1804 iis
469 1748 770 1818 Parilibus,
793 1750 999 1826 quibus
1027 1769 1151 1806 eam
1188 1769 1221 1806 a
1253 1750 1502 1806 Romulo
1539 1750 1830 1806 conditam
1865 1770 1952 1806 ac-

270 1828 541 1904 cepimUS,
566 1828 941 1905 Romamque,
966 1829 1025 1885 in
1061 1830 1198 1905 iugo
1234 1849 1362 1886 cum
1400 1836 1548 1886 esset
1581 1829 1732 1900 luna,
1756 1836 1950 1885 natam

270 1927 392 1964 esse
426 1907 653 1965 dicebat
687 1927 790 1965 nec
824 1909 946 1965 eius
974 1909 1096 1966 fata
1130 1928 1329 1966 canere
1363 1909 1679 1966 dubitabat.
1766 1914 1858 1966 99.
1897 1909 1951 1966 O

270 1987 384 2043 vim
420 1988 730 2044 maximam
765 1988 1004 2045 erroris!
1089 1989 1355 2045 Etiamne
1400 1989 1557 2045 urbis
1591 1988 1794 2045 natalis
1829 1989 1952 2045 dies

270 2067 340 2123 ad
367 2067 483 2123 vim
513 2067 797 2124 stellarum
831 2075 889 2124 et
916 2068 1080 2124 lunae
1110 2068 1470 2145 pertinebat?
1545 2069 1653 2125 Fac
1683 2070 1742 2125 in
1772 2087 1950 2145 puero

270 2147 478 2204 referre
523 2166 634 2223 qua
674 2147 1001 2204 adfectione
1043 2147 1184 2204 caeli
1217 2149 1470 2224 primum
1504 2148 1770 2223 spiritum
1813 2149 1953 2205 dux-

270 2226 410 2282 erit:
453 2246 592 2282 num
626 2226 736 2283 hoc
770 2228 830 2283 in
863 2227 1035 2284 latere
1077 2235 1177 2283 aut
1209 2229 1270 2284 in
1303 2234 1615 2297 caementO,
1641 2247 1711 2284 ex
1746 2227 1952 2303 quibus

269 2305 405 2361 urbs
433 2307 635 2363 effecta
663 2313 764 2376 est,
789 2307 983 2383 potuit
1010 2307 1231 2363 valere?
1312 2307 1426 2363 Sed
1456 2307 1594 2382 quid
1622 2306 1821 2383 plura?
1863 2326 1954 2363 co-

268 2385 413 2441 tidie
444 2385 796 2442 refelluntur.
881 2385 1066 2454 Quam
1100 2386 1284 2442 multa
1316 2405 1424 2462 ego
1454 2386 1753 2463 PompeiO,
1780 2405 1953 2462 quam

268 2463 452 2521 multa
484 2464 704 2535 Crasso,
731 2485 902 2541 quam
936 2466 1119 2523 multa
1146 2466 1280 2523 huic
1314 2466 1427 2542 ipsi
1460 2465 1687 2523 Caesari
1720 2486 1754 2522 a
1787 2465 1954 2522 Chal-

270 2543 426 2600 daeis
454 2544 608 2601 dicta
634 2545 887 2615 memini,
913 2546 1203 2602 neminem
1238 2565 1434 2602 eorum
1463 2546 1576 2602 nisi
1604 2546 1664 2602 in
1700 2553 1954 2602 senectu-

268 2630 344 2693 te,
369 2623 477 2680 nisi
507 2623 683 2694 domi,
708 2624 817 2680 nisi
847 2644 979 2681 cum
1020 2625 1275 2682 claritate
1310 2644 1429 2682 esse
1463 2625 1805 2682 moriturum
1831 2625 1843 2682 l
1886 2632 1954 2683 ut

269 2702 416 2759 mihi
432 2704 744 2779 permirum
764 2704 1022 2760 videatur
1045 2724 1391 2781 quemquam
1414 2712 1633 2762 exstare
1656 2705 1753 2781 qui
1777 2706 1952 2762 etiam

270 2801 421 2839 nunc
450 2783 642 2839 credat
665 2783 750 2854 iis,
774 2803 1016 2860 quorum
1039 2784 1332 2860 praedicta
1359 2785 1571 2842 cotidie
1595 2785 1786 2842 videat
1806 2805 1865 2843 re
1894 2792 1954 2853 et
2039 2825 2040 2828 =

269 2863 487 2919 eventis
515 2863 713 2921 refelli.

350 2942 624 3000 XLVIII.
688 2949 819 3000 100.
845 2942 1087 3000 Restant
1110 2943 1226 3000 duo
1250 2944 1546 3000 divinandi
1568 2964 1792 3020 genera,
1808 2964 1951 3021 quae

269 3020 476 3079 habere
510 3023 755 3080 dicimur
788 3043 822 3079 a
854 3030 1071 3092 natura,
1096 3042 1213 3078 non
1249 3023 1319 3080 ab
1354 3031 1489 3094 arte,
1515 3025 1863 3081 vaticinandi
1893 3032 1952 3080 et

271 3102 608 3160 somniandi.
672 3103 763 3159 De
787 3104 1009 3180 quibuS,
1030 3102 1260 3172 Quinte,
1282 3104 1533 3180 inquam,
1553 3105 1599 3160 si
1621 3104 1822 3180 placet,
1841 3104 1952 3159 dis-

271 3200 554 3239 seramus.
621 3181 770 3238 Mihi
805 3202 953 3254 vero,
979 3183 1185 3258 iuquit,
1210 3183 1432 3259 placet:
1477 3183 1568 3239 his
1609 3184 1779 3254 enim,
1807 3201 1950 3256 quae
