2205 3431
95 3309 187 3357 ι

205 114 303 161 200
725 112 823 159 DE
862 110 1364 161 DIVINATIONE.

206 232 351 289 opus
388 218 506 269 est:
550 219 617 269 ut
655 213 807 269 enim
845 212 971 290 ipsa
1007 211 1377 289 philosophia
1415 219 1473 269 et
1505 212 1689 270 multa
1720 213 1897 272 verba

205 291 567 362 Graecorum,
608 292 688 349 sic
737 292 939 349 sorites
984 293 1123 349 satis
1163 291 1369 349 Latino
1420 311 1680 350 sermone
1720 294 1896 351 tritus

205 379 322 429 est:
368 390 504 448 ergo
538 372 677 429 haec
712 392 939 449 quoque
977 372 1261 429 dialectici
1295 372 1505 443 dicent,
1536 391 1655 429 non
1690 372 1891 432 divini.

205 451 400 520 Quid?
448 471 578 509 cum
623 452 911 528 quaeritur
952 453 1051 529 qui
1093 453 1170 508 sit
1211 452 1467 528 optimus
1508 452 1591 509 rei
1629 452 1896 529 publicae

207 539 403 603 statuS,
430 551 573 608 quae
605 532 775 608 leges,
802 532 900 608 qui
932 551 1122 589 mores
1163 538 1262 588 aut
1295 532 1465 588 utiles
1507 539 1607 589 aut
1639 533 1891 604 inutileS,

205 611 604 689 haruspicesne
659 631 728 668 ex
782 611 1011 669 Etruria
1064 619 1419 669 arcessentur
1473 631 1544 668 an
1602 612 1895 689 principes

206 698 559 766 statuent-et
592 691 799 749 delecti
832 691 937 748 viri
970 691 1143 768 periti
1184 710 1373 748 rerum
1418 691 1711 749 civilium?
1797 698 1889 750 12.

206 770 376 839 Quod
410 772 458 828 si
496 790 601 828 nec
643 789 835 828 earum
876 789 1082 842 rerum,
1118 790 1261 848 quae
1304 770 1591 830 subiectae
1632 771 1895 829 sensibus

206 857 355 920 sunt,
381 850 496 907 ulla
528 851 807 908 divinatio
837 857 938 922 est,
963 870 1069 908 nec
1104 870 1315 921 earum,
1342 870 1485 928 quae
1515 851 1732 909 artibus
1761 871 1894 908 con-

205 930 475 1001 tinentur,
515 949 621 987 nec
662 950 872 1002 earum,
914 950 1057 1007 quae
1099 931 1162 987 in
1203 931 1572 1008 philosophia
1612 931 1895 988 disserun-

205 1018 314 1080 tur,
351 1028 455 1066 nec
496 1029 706 1081 earum,
752 1012 985 1087 quaein
1025 1030 1085 1068 re
1128 1011 1359 1087 publica
1399 1020 1708 1082 versantur,
1759 1031 1895 1088 qua-

206 1109 333 1146 rum
380 1108 570 1146 rerum
620 1091 695 1146 sit
741 1090 886 1146 nihil
933 1109 1167 1167 prorsus
1216 1091 1503 1168 intellego,
1590 1092 1740 1148 Nam
1791 1100 1895 1149 aut

207 1169 465 1226 omnium
500 1169 670 1227 debet
705 1189 825 1227 esse
858 1178 958 1227 aut
991 1171 1182 1247 aliqua
1215 1171 1267 1227 ei
1300 1172 1541 1229 materia
1573 1171 1765 1228 danda
1805 1180 1895 1229 est

205 1250 266 1307 in
313 1269 425 1326 qua
458 1250 665 1307 versari
708 1250 908 1327 possit.
994 1249 1109 1307 Sed
1157 1269 1263 1308 nec
1308 1250 1569 1308 omnium
1611 1250 1894 1308 divinatio

206 1337 308 1399 est,
340 1337 405 1387 ut
437 1331 585 1387 ratio
619 1329 833 1401 docuit,
864 1349 969 1387 nec
997 1329 1158 1387 locus
1197 1349 1302 1388 nec
1334 1331 1574 1388 materia
1604 1330 1896 1387 invenitur

206 1411 298 1467 cui
341 1410 752 1468 divinationem
795 1408 1097 1486 praeficere
1132 1411 1432 1486 possimus,
1517 1409 1672 1467 Vide
1716 1410 1895 1486 igitur

207 1509 278 1546 ne
312 1490 469 1547 nulla
496 1490 571 1547 sit
598 1490 895 1547 divinatio·
980 1489 1054 1547 V.
1099 1489 1206 1547 Est
1235 1490 1470 1566 quidem
1498 1489 1748 1547 Graecus
1776 1490 1896 1547 vul-

206 1570 357 1646 garis
390 1569 450 1626 in
479 1569 626 1627 hanc
655 1569 996 1627 sententiam
1026 1587 1252 1626 versus:

336 1694 476 1743 Bene
499 1694 583 1758 qui
605 1692 828 1755 coniciet,
849 1701 1012 1742 vatem
1037 1692 1169 1742 hunc
1192 1692 1455 1755 perhibebo
1478 1693 1737 1756 optimum.

208 1812 366 1870 Num
395 1812 572 1888 igitur
598 1818 698 1869 aut
727 1830 870 1888 quae
898 1817 1210 1888 tempestas
1237 1810 1568 1887 impendeat
1596 1817 1753 1867 vates
1779 1829 1898 1868 me-

209 1893 319 1950 lius
367 1891 610 1949 coniciet
655 1910 825 1968 quam
867 1890 1217 1967 gubernator
1261 1897 1360 1946 aut
1403 1890 1592 1947 morbi
1632 1897 1898 1947 naturam

209 1971 432 2030 acutius
482 1990 651 2047 quam
699 1971 956 2028 medicus
1010 1978 1111 2027 aut
1158 1969 1294 2027 belli
1341 1970 1897 2027 administrationem

209 2050 550 2130 prudentius
579 2069 749 2127 quam
778 2050 1092 2127 imperator
1120 2050 1446 2107 coniectura
1473 2049 1853 2127 adsequetur?

294 2137 385 2189 13.
431 2130 546 2188 Sed
588 2129 979 2200 animadverti,
1022 2128 1253 2200 Quinte,
1293 2136 1352 2186 te
1398 2136 1561 2186 caute
1608 2138 1664 2187 et
1709 2129 1780 2187 ab
1825 2131 1899 2187 iis

211 2211 570 2281 coniecturiS‚
603 2228 747 2287 quae
781 2208 1056 2267 haberent
1088 2217 1270 2267 artem
1305 2215 1478 2286 atque
1510 2208 1896 2285 prudentiam,

212 2301 271 2351 et
304 2292 376 2349 ab
418 2291 489 2347 iis
521 2290 706 2361 rebuS,
739 2308 882 2366 quae
924 2288 1184 2346 sensibus
1224 2295 1325 2346 aut
1357 2287 1613 2346 artificiis
1644 2289 1900 2366 percipe-

210 2380 422 2442 rentur,
454 2369 733 2427 abducere
775 2369 1206 2440 divinationem,
1239 2387 1478 2445 eamque
1519 2369 1602 2426 ita
1642 2368 1897 2440 definire,

212 2451 625 2510 divinationem
682 2468 803 2506 esse
859 2467 1053 2505 earum
1101 2468 1291 2506 rerum
1341 2449 1790 2524 praedictionem
1840 2457 1902 2507 et

212 2531 687 2621 praesensionem,
720 2548 864 2606 quae
905 2535 1093 2585 essent
1127 2528 1418 2587 fortuitae.
1503 2528 1763 2586 Primum
1807 2548 1902 2586 eo-

213 2614 345 2670 dem
380 2610 696 2669 revolveriS.
784 2609 933 2666 Nam
976 2616 1034 2666 et
1067 2608 1277 2666 medici
1310 2615 1368 2666 et
1402 2608 1799 2685 gubernatoris
1840 2617 1902 2667 et

214 2691 574 2785 imperatoris
603 2689 925 2766 praesensio
956 2696 1042 2745 est
1070 2700 1257 2745 rerum
1287 2689 1676 2746 fortuitarum.
1740 2688 1899 2765 Num

213 2774 391 2849 igitur
438 2779 538 2828 aut
581 2770 863 2847 haruspex
910 2776 1010 2826 aut
1053 2787 1235 2844 augur
1278 2775 1377 2825 aut
1421 2777 1578 2825 vates
1624 2768 1751 2846 quis
1800 2757 1901 2826 aut

216 2851 507 2909 somnians
545 2851 749 2907 melius
794 2849 1099 2906 coniecerit
1143 2855 1243 2905 aut
1284 2867 1314 2905 e
1355 2849 1560 2906 morbo
1602 2867 1898 2906 evasurum

216 2939 514 3006 aegrotum
549 2937 647 2986 aut
676 2949 707 2985 e
734 2929 986 3005 periculo
1022 2947 1225 2984 navem
1259 2935 1359 2984 aut
1391 2947 1460 2984 ex
1493 2928 1717 2985 insidiis
1749 2947 1901 2985 exer·

217 3011 397 3067 citum
429 3027 599 3084 quam
632 3008 908 3077 medicuS,
935 3026 1108 3083 quam
1136 3007 1499 3082 gubernator,
1526 3027 1696 3085 quam
1726 3008 1902 3085 impe·

219 3088 408 3145 rator?
493 3091 582 3142 14.
627 3085 812 3162 Atqui
841 3105 912 3142 ne
942 3086 1038 3143 illa
1068 3086 1300 3162 quidem
1331 3086 1641 3144 divinantis
1670 3107 1789 3145 esse
1820 3088 1902 3146 di-

219 3165 402 3235 cebas,
450 3171 652 3221 ventos
706 3171 806 3220 aut
852 3163 1063 3221 imbres
1111 3164 1508 3241 impendentes
1558 3167 1901 3245 quibusdam
