<?xml version="1.0" encoding="UTF-8"?>
<!DOCTYPE html PUBLIC "-//W3C//DTD XHTML 1.0 Transitional//EN"
    "http://www.w3.org/TR/xhtml1/DTD/xhtml1-transitional.dtd">
<html xmlns="http://www.w3.org/1999/xhtml" xml:lang="en" lang="en">
 <head>
  <title>
</title>
<meta http-equiv="Content-Type" content="text/html;charset=utf-8" />
  <meta name='ocr-system' content='tesseract 3.04.00' />
  <meta name='ocr-capabilities' content='ocr_page ocr_carea ocr_par ocr_line ocrx_word'/>
</head>
<body>
  <div class='ocr_page' id='page_1' title='image "./defato00cicegoog_0255.png"; bbox 0 0 2205 3431; ppageno 0'>
   <div class='ocr_carea' id='block_1_1' title="bbox 482 129 1971 193">
    <p class='ocr_par' dir='ltr' id='par_1_1' title="bbox 482 129 1971 193">
     <span class='ocr_line' id='line_1_1' title="bbox 482 129 1971 193; baseline -0.001 -14"><span class='ocrx_word' id='word_1_1' title='bbox 482 132 618 180; x_wconf 87' lang='lat' dir='ltr'><strong>LIB.</strong></span> <span class='ocrx_word' id='word_1_2' title='bbox 648 131 745 193; x_wconf 88' lang='lat'>11.,</span> <span class='ocrx_word' id='word_1_3' title='bbox 771 131 928 181; x_wconf 83' lang='lat' dir='ltr'>CAP.</span> <span class='ocrx_word' id='word_1_4' title='bbox 958 131 1439 192; x_wconf 82' lang='lat' dir='ltr'>LXIV.—LXV11.,</span> <span class='ocrx_word' id='word_1_5' title='bbox 1470 129 1498 190; x_wconf 84' lang='lat'>§</span> <span class='ocrx_word' id='word_1_6' title='bbox 1530 133 1769 180; x_wconf 85' lang='lat'>133-139.</span> <span class='ocrx_word' id='word_1_7' title='bbox 1876 132 1971 179; x_wconf 78' lang='lat'>245</span> 
     </span>
    </p>
   </div>
   <div class='ocr_carea' id='block_1_2' title="bbox 249 232 1977 3251">
    <p class='ocr_par' dir='ltr' id='par_1_2' title="bbox 249 232 1977 3251">
     <span class='ocr_line' id='line_1_2' title="bbox 293 232 1968 310; baseline -0.001 -19"><span class='ocrx_word' id='word_1_8' title='bbox 293 239 422 291; x_wconf 89' lang='grc'><strong>136.</strong></span> <span class='ocrx_word' id='word_1_9' title='bbox 460 232 645 290; x_wconf 86' lang='lat' dir='ltr'>Multa</span> <span class='ocrx_word' id='word_1_10' title='bbox 673 232 845 290; x_wconf 89' lang='lat' dir='ltr'>etiam</span> <span class='ocrx_word' id='word_1_11' title='bbox 876 239 1010 290; x_wconf 91' lang='lat' dir='ltr'>sunt</span> <span class='ocrx_word' id='word_1_12' title='bbox 1043 252 1077 289; x_wconf 90' lang='lat' dir='ltr'>a</span> <span class='ocrx_word' id='word_1_13' title='bbox 1104 239 1163 290; x_wconf 92' lang='lat' dir='ltr'>te</span> <span class='ocrx_word' id='word_1_14' title='bbox 1198 252 1266 290; x_wconf 86' lang='lat' dir='ltr'>ex</span> <span class='ocrx_word' id='word_1_15' title='bbox 1293 233 1551 290; x_wconf 87' lang='lat' dir='ltr'>historiis</span> <span class='ocrx_word' id='word_1_16' title='bbox 1577 233 1799 310; x_wconf 87' lang='lat' dir='ltr'>prolata</span> <span class='ocrx_word' id='word_1_17' title='bbox 1827 253 1968 290; x_wconf 70' lang='lat' dir='ltr'>som⁴</span> 
     </span>
     <span class='ocr_line' id='line_1_3' title="bbox 291 312 1971 390; baseline -0.001 -20"><span class='ocrx_word' id='word_1_18' title='bbox 291 314 400 383; x_wconf 91' lang='lat' dir='ltr'>nia,</span> <span class='ocrx_word' id='word_1_19' title='bbox 423 313 623 378; x_wconf 90' lang='lat' dir='ltr'>matris</span> <span class='ocrx_word' id='word_1_20' title='bbox 651 312 989 383; x_wconf 83' lang='lat' dir='ltr'>Phalaridis,</span> <span class='ocrx_word' id='word_1_21' title='bbox 1011 312 1151 389; x_wconf 88' lang='lat' dir='ltr'>Cyri</span> <span class='ocrx_word' id='word_1_22' title='bbox 1181 313 1504 389; x_wconf 83' lang='lat' dir='ltr'>superioris,</span> <span class='ocrx_word' id='word_1_23' title='bbox 1528 314 1726 371; x_wconf 88' lang='lat' dir='ltr'>matris</span> <span class='ocrx_word' id='word_1_24' title='bbox 1753 313 1971 390; x_wconf 89' lang='lat' dir='ltr'>Diony·</span> 
     </span>
     <span class='ocr_line' id='line_1_4' title="bbox 290 392 1974 470; baseline -0.001 -21"><span class='ocrx_word' id='word_1_25' title='bbox 290 394 376 462; x_wconf 92' lang='lat' dir='ltr'>sii,</span> <span class='ocrx_word' id='word_1_26' title='bbox 394 392 579 450; x_wconf 84' lang='lat' dir='ltr'>Poeni</span> <span class='ocrx_word' id='word_1_27' title='bbox 599 393 959 463; x_wconf 82' lang='lat' dir='ltr'>HamilcariS,</span> <span class='ocrx_word' id='word_1_28' title='bbox 979 392 1339 461; x_wconf 77' lang='lat' dir='ltr'>HannibaliS,</span> <span class='ocrx_word' id='word_1_29' title='bbox 1358 393 1423 451; x_wconf 92' lang='lat' dir='ltr'>P.</span> <span class='ocrx_word' id='word_1_30' title='bbox 1441 393 1608 450; x_wconf 85' lang='lat' dir='ltr'>Decii</span> <span class='ocrx_word' id='word_1_31' title='bbox 1628 412 1641 451; x_wconf 72' lang='grc' dir='ltr'><strong><em>ε</em></strong></span> <span class='ocrx_word' id='word_1_32' title='bbox 1680 393 1974 470; x_wconf 88' lang='lat' dir='ltr'>pervulga-</span> 
     </span>
     <span class='ocr_line' id='line_1_5' title="bbox 290 472 1975 549; baseline 0 -20"><span class='ocrx_word' id='word_1_33' title='bbox 290 482 412 529; x_wconf 87' lang='lat' dir='ltr'>tum</span> <span class='ocrx_word' id='word_1_34' title='bbox 460 473 572 529; x_wconf 89' lang='lat' dir='ltr'>iam</span> <span class='ocrx_word' id='word_1_35' title='bbox 609 472 751 529; x_wconf 91' lang='lat' dir='ltr'>illud</span> <span class='ocrx_word' id='word_1_36' title='bbox 785 472 856 529; x_wconf 93' lang='lat' dir='ltr'>de</span> <span class='ocrx_word' id='word_1_37' title='bbox 891 472 1164 549; x_wconf 81' lang='lat' dir='ltr'>praesule,</span> <span class='ocrx_word' id='word_1_38' title='bbox 1195 472 1439 530; x_wconf 82' lang='lat' dir='ltr'><strong>Gracchi</strong></span> <span class='ocrx_word' id='word_1_39' title='bbox 1482 473 1653 529; x_wconf 91' lang='lat' dir='ltr'>etiam</span> <span class='ocrx_word' id='word_1_40' title='bbox 1689 480 1744 530; x_wconf 89' lang='lat' dir='ltr'>et</span> <span class='ocrx_word' id='word_1_41' title='bbox 1779 492 1975 530; x_wconf 88' lang='lat' dir='ltr'>recens</span> 
     </span>
     <span class='ocr_line' id='line_1_6' title="bbox 290 551 1975 610; baseline -0.001 0"><span class='ocrx_word' id='word_1_42' title='bbox 290 552 570 610; x_wconf 79' lang='lat' dir='ltr'>Caeciliae</span> <span class='ocrx_word' id='word_1_43' title='bbox 602 551 871 610; x_wconf 81' lang='lat' dir='ltr'>Baliarici</span> <span class='ocrx_word' id='word_1_44' title='bbox 904 552 1054 609; x_wconf 88' lang='lat' dir='ltr'>filiae</span> <span class='ocrx_word' id='word_1_45' title='bbox 1089 553 1394 609; x_wconf 88' lang='lat' dir='ltr'>somnium.</span> <span class='ocrx_word' id='word_1_46' title='bbox 1480 552 1594 609; x_wconf 86' lang='lat' dir='ltr'>Sed</span> <span class='ocrx_word' id='word_1_47' title='bbox 1622 552 1761 609; x_wconf 92' lang='lat' dir='ltr'>haec</span> <span class='ocrx_word' id='word_1_48' title='bbox 1796 559 1975 609; x_wconf 86' lang='lat' dir='ltr'>exter-</span> 
     </span>
     <span class='ocr_line' id='line_1_7' title="bbox 289 632 1976 708; baseline -0.001 -19"><span class='ocrx_word' id='word_1_49' title='bbox 289 652 365 689; x_wconf 89' lang='lat' dir='ltr'>na</span> <span class='ocrx_word' id='word_1_50' title='bbox 403 633 478 689; x_wconf 94' lang='lat' dir='ltr'>ob</span> <span class='ocrx_word' id='word_1_51' title='bbox 511 651 752 708; x_wconf 85' lang='lat' dir='ltr'>eamque</span> <span class='ocrx_word' id='word_1_52' title='bbox 792 651 1021 689; x_wconf 88' lang='lat' dir='ltr'>causam</span> <span class='ocrx_word' id='word_1_53' title='bbox 1054 632 1256 708; x_wconf 87' lang='lat' dir='ltr'>ignota</span> <span class='ocrx_word' id='word_1_54' title='bbox 1286 632 1455 689; x_wconf 90' lang='lat' dir='ltr'>nobis</span> <span class='ocrx_word' id='word_1_55' title='bbox 1489 639 1638 703; x_wconf 88' lang='lat' dir='ltr'>sunt,</span> <span class='ocrx_word' id='word_1_56' title='bbox 1668 652 1785 688; x_wconf 91' lang='lat' dir='ltr'>non</span> <span class='ocrx_word' id='word_1_57' title='bbox 1820 632 1976 688; x_wconf 88' lang='lat' dir='ltr'>nulla</span> 
     </span>
     <span class='ocr_line' id='line_1_8' title="bbox 291 711 1976 779; baseline -0.001 -10"><span class='ocrx_word' id='word_1_58' title='bbox 291 713 464 769; x_wconf 89' lang='lat' dir='ltr'>etiam</span> <span class='ocrx_word' id='word_1_59' title='bbox 493 711 627 769; x_wconf 88' lang='lat' dir='ltr'>ficta</span> <span class='ocrx_word' id='word_1_60' title='bbox 647 712 903 769; x_wconf 83' lang='lat' dir='ltr'>fortasse.</span> <span class='ocrx_word' id='word_1_61' title='bbox 982 711 1125 779; x_wconf 82' lang='lat' dir='ltr'>Quis</span> <span class='ocrx_word' id='word_1_62' title='bbox 1147 712 1301 768; x_wconf 91' lang='lat' dir='ltr'>enim</span> <span class='ocrx_word' id='word_1_63' title='bbox 1324 719 1526 769; x_wconf 80' lang='lat' dir='ltr'>auctor</span> <span class='ocrx_word' id='word_1_64' title='bbox 1545 713 1820 769; x_wconf 60' lang='lat' dir='ltr'>istorum?</span> <span class='ocrx_word' id='word_1_65' title='bbox 1882 711 1976 768; x_wconf 88' lang='lat' dir='ltr'>De</span> 
     </span>
     <span class='ocr_line' id='line_1_9' title="bbox 289 791 1975 869; baseline 0 -21"><span class='ocrx_word' id='word_1_66' title='bbox 289 793 503 849; x_wconf 84' lang='lat' dir='ltr'>nostris</span> <span class='ocrx_word' id='word_1_67' title='bbox 542 792 781 848; x_wconf 88' lang='lat' dir='ltr'>somniis</span> <span class='ocrx_word' id='word_1_68' title='bbox 823 791 963 869; x_wconf 90' lang='lat' dir='ltr'>quid</span> <span class='ocrx_word' id='word_1_69' title='bbox 998 791 1275 848; x_wconf 87' lang='lat' dir='ltr'>habemus</span> <span class='ocrx_word' id='word_1_70' title='bbox 1318 791 1542 849; x_wconf 63' lang='lat' dir='ltr'>dicere?</span> <span class='ocrx_word' id='word_1_71' title='bbox 1582 800 1648 849; x_wconf 90' lang='lat' dir='ltr'>tu</span> <span class='ocrx_word' id='word_1_72' title='bbox 1682 792 1754 849; x_wconf 91' lang='lat' dir='ltr'>de</span> <span class='ocrx_word' id='word_1_73' title='bbox 1786 811 1975 848; x_wconf 88' lang='lat' dir='ltr'>merso</span> 
     </span>
     <span class='ocr_line' id='line_1_10' title="bbox 290 870 1975 949; baseline -0.001 -21"><span class='ocrx_word' id='word_1_74' title='bbox 290 891 382 928; x_wconf 88' lang='lat' dir='ltr'>me</span> <span class='ocrx_word' id='word_1_75' title='bbox 428 878 487 928; x_wconf 87' lang='lat' dir='ltr'>et</span> <span class='ocrx_word' id='word_1_76' title='bbox 528 890 676 947; x_wconf 90' lang='lat' dir='ltr'>equo</span> <span class='ocrx_word' id='word_1_77' title='bbox 718 870 792 928; x_wconf 89' lang='lat' dir='ltr'>ad</span> <span class='ocrx_word' id='word_1_78' title='bbox 833 872 1033 949; x_wconf 82' lang='lat' dir='ltr'>ripam,</span> <span class='ocrx_word' id='word_1_79' title='bbox 1066 890 1176 947; x_wconf 90' lang='lat' dir='ltr'>ego</span> <span class='ocrx_word' id='word_1_80' title='bbox 1218 871 1291 928; x_wconf 93' lang='lat' dir='ltr'>de</span> <span class='ocrx_word' id='word_1_81' title='bbox 1324 871 1508 929; x_wconf 89' lang='lat' dir='ltr'>Mario</span> <span class='ocrx_word' id='word_1_82' title='bbox 1550 892 1682 929; x_wconf 89' lang='lat' dir='ltr'>cum</span> <span class='ocrx_word' id='word_1_83' title='bbox 1723 872 1975 928; x_wconf 83' lang='lat' dir='ltr'>fascibus</span> 
     </span>
     <span class='ocr_line' id='line_1_11' title="bbox 249 950 1973 1009; baseline 0.002 -3"><span class='ocrx_word' id='word_1_84' title='bbox 249 955 254 961; x_wconf 84' lang='lat'>&#39;</span> <span class='ocrx_word' id='word_1_85' title='bbox 290 950 556 1008; x_wconf 91' lang='lat' dir='ltr'>laureatis</span> <span class='ocrx_word' id='word_1_86' title='bbox 587 970 681 1007; x_wconf 90' lang='lat' dir='ltr'>me</span> <span class='ocrx_word' id='word_1_87' title='bbox 714 951 774 1007; x_wconf 91' lang='lat' dir='ltr'>in</span> <span class='ocrx_word' id='word_1_88' title='bbox 810 970 977 1007; x_wconf 92' lang='lat' dir='ltr'>suum</span> <span class='ocrx_word' id='word_1_89' title='bbox 1010 950 1219 1008; x_wconf 91' lang='lat' dir='ltr'>deduci</span> <span class='ocrx_word' id='word_1_90' title='bbox 1247 950 1480 1008; x_wconf 89' lang='lat' dir='ltr'>iubente</span> <span class='ocrx_word' id='word_1_91' title='bbox 1513 959 1973 1009; x_wconf 88' lang='lat' dir='ltr'>monumentum.</span> 
     </span>
     <span class='ocr_line' id='line_1_12' title="bbox 290 1029 1974 1102; baseline 0.001 -16"><span class='ocrx_word' id='word_1_92' title='bbox 290 1029 536 1088; x_wconf 90' lang='lat' dir='ltr'>LXVII.</span> <span class='ocrx_word' id='word_1_93' title='bbox 581 1029 856 1087; x_wconf 86' lang='lat' dir='ltr'>Omnium</span> <span class='ocrx_word' id='word_1_94' title='bbox 888 1031 1261 1099; x_wconf 88' lang='lat' dir='ltr'>somniorum,</span> <span class='ocrx_word' id='word_1_95' title='bbox 1287 1029 1516 1102; x_wconf 80' lang='lat' dir='ltr'>Quinte,</span> <span class='ocrx_word' id='word_1_96' title='bbox 1539 1051 1651 1088; x_wconf 90' lang='lat' dir='ltr'>una</span> <span class='ocrx_word' id='word_1_97' title='bbox 1678 1032 1824 1088; x_wconf 83' lang='lat' dir='ltr'>ratio</span> <span class='ocrx_word' id='word_1_98' title='bbox 1854 1039 1974 1089; x_wconf 87' lang='lat' dir='ltr'>est:</span> 
     </span>
     <span class='ocr_line' id='line_1_13' title="bbox 293 1108 1976 1201; baseline 0.001 -35"><span class='ocrx_word' id='word_1_99' title='bbox 293 1128 454 1185; x_wconf 88' lang='lat' dir='ltr'>quae,</span> <span class='ocrx_word' id='word_1_100' title='bbox 484 1128 587 1201; x_wconf 83' lang='lat' dir='ltr'>per</span> <span class='ocrx_word' id='word_1_101' title='bbox 627 1108 766 1166; x_wconf 90' lang='lat' dir='ltr'>deos</span> <span class='ocrx_word' id='word_1_102' title='bbox 798 1109 1184 1167; x_wconf 81' lang='lat' dir='ltr'>immortales!</span> <span class='ocrx_word' id='word_1_103' title='bbox 1228 1110 1521 1167; x_wconf 88' lang='lat' dir='ltr'>videamus</span> <span class='ocrx_word' id='word_1_104' title='bbox 1554 1130 1625 1168; x_wconf 91' lang='lat' dir='ltr'>ne</span> <span class='ocrx_word' id='word_1_105' title='bbox 1659 1120 1855 1168; x_wconf 90' lang='lat' dir='ltr'>nostra</span> <span class='ocrx_word' id='word_1_106' title='bbox 1888 1131 1976 1168; x_wconf 88' lang='lat' dir='ltr'>su-</span> 
     </span>
     <span class='ocr_line' id='line_1_14' title="bbox 291 1189 1973 1266; baseline 0.001 -21"><span class='ocrx_word' id='word_1_107' title='bbox 291 1190 628 1265; x_wconf 87' lang='lat' dir='ltr'>perstitione</span> <span class='ocrx_word' id='word_1_108' title='bbox 669 1195 729 1246; x_wconf 91' lang='lat' dir='ltr'>et</span> <span class='ocrx_word' id='word_1_109' title='bbox 761 1189 1168 1266; x_wconf 82' lang='lat' dir='ltr'>depravatione</span> <span class='ocrx_word' id='word_1_110' title='bbox 1211 1199 1521 1266; x_wconf 88' lang='lat' dir='ltr'>superetur.</span> <span class='ocrx_word' id='word_1_111' title='bbox 1611 1191 1741 1248; x_wconf 87' lang='lat'><strong>137.</strong></span> <span class='ocrx_word' id='word_1_112' title='bbox 1788 1190 1973 1258; x_wconf 82' lang='lat' dir='ltr'>Quem</span> 
     </span>
     <span class='ocr_line' id='line_1_15' title="bbox 291 1268 1977 1347; baseline 0.002 -23"><span class='ocrx_word' id='word_1_113' title='bbox 291 1269 444 1324; x_wconf 92' lang='lat' dir='ltr'>enim</span> <span class='ocrx_word' id='word_1_114' title='bbox 479 1276 544 1325; x_wconf 93' lang='lat' dir='ltr'>tu</span> <span class='ocrx_word' id='word_1_115' title='bbox 574 1268 818 1325; x_wconf 90' lang='lat' dir='ltr'>Marium</span> <span class='ocrx_word' id='word_1_116' title='bbox 852 1270 1036 1325; x_wconf 91' lang='lat' dir='ltr'>visum</span> <span class='ocrx_word' id='word_1_117' title='bbox 1072 1288 1107 1325; x_wconf 94' lang='lat' dir='ltr'>a</span> <span class='ocrx_word' id='word_1_118' title='bbox 1138 1288 1232 1325; x_wconf 90' lang='lat' dir='ltr'>me</span> <span class='ocrx_word' id='word_1_119' title='bbox 1265 1270 1471 1345; x_wconf 73' lang='lat' dir='ltr'>putas?</span> <span class='ocrx_word' id='word_1_120' title='bbox 1552 1269 1830 1347; x_wconf 86' lang='lat' dir='ltr'>Speciem,</span> <span class='ocrx_word' id='word_1_121' title='bbox 1863 1290 1977 1327; x_wconf 88' lang='lat' dir='ltr'>cre-</span> 
     </span>
     <span class='ocr_line' id='line_1_16' title="bbox 291 1347 1976 1423; baseline 0.002 -19"><span class='ocrx_word' id='word_1_122' title='bbox 291 1347 384 1418; x_wconf 87' lang='lat' dir='ltr'>do,</span> <span class='ocrx_word' id='word_1_123' title='bbox 417 1349 538 1404; x_wconf 89' lang='lat' dir='ltr'>eius</span> <span class='ocrx_word' id='word_1_124' title='bbox 571 1354 630 1404; x_wconf 91' lang='lat' dir='ltr'>et</span> <span class='ocrx_word' id='word_1_125' title='bbox 656 1348 985 1423; x_wconf 85' lang='lat' dir='ltr'>imaginem,</span> <span class='ocrx_word' id='word_1_126' title='bbox 1008 1355 1075 1404; x_wconf 92' lang='lat' dir='ltr'>ut</span> <span class='ocrx_word' id='word_1_127' title='bbox 1102 1348 1440 1405; x_wconf 77' lang='lat' dir='ltr'>Democrito</span> <span class='ocrx_word' id='word_1_128' title='bbox 1474 1349 1713 1407; x_wconf 84' lang='lat' dir='ltr'>videtur.</span> <span class='ocrx_word' id='word_1_129' title='bbox 1799 1349 1976 1407; x_wconf 89' lang='lat' dir='ltr'>Unde</span> 
     </span>
     <span class='ocr_line' id='line_1_17' title="bbox 291 1427 1975 1504; baseline 0.002 -22"><span class='ocrx_word' id='word_1_130' title='bbox 291 1428 610 1503; x_wconf 81' lang='lat' dir='ltr'>profectam</span> <span class='ocrx_word' id='word_1_131' title='bbox 630 1428 980 1503; x_wconf 67' lang='lat' dir='ltr'>imaginem?</span> <span class='ocrx_word' id='word_1_132' title='bbox 1059 1428 1119 1483; x_wconf 94' lang='lat' dir='ltr'>A</span> <span class='ocrx_word' id='word_1_133' title='bbox 1147 1427 1480 1504; x_wconf 84' lang='lat' dir='ltr'>corporibus</span> <span class='ocrx_word' id='word_1_134' title='bbox 1509 1430 1660 1485; x_wconf 91' lang='lat' dir='ltr'>enim</span> <span class='ocrx_word' id='word_1_135' title='bbox 1690 1428 1887 1486; x_wconf 86' lang='lat' dir='ltr'>solidis</span> <span class='ocrx_word' id='word_1_136' title='bbox 1916 1437 1975 1486; x_wconf 91' lang='lat' dir='ltr'>et</span> 
     </span>
     <span class='ocr_line' id='line_1_18' title="bbox 290 1506 1977 1585; baseline 0.001 -22"><span class='ocrx_word' id='word_1_137' title='bbox 290 1508 532 1574; x_wconf 75' lang='lat' dir='ltr'>acertis</span> <span class='ocrx_word' id='word_1_138' title='bbox 575 1506 773 1582; x_wconf 87' lang='lat' dir='ltr'>figuris</span> <span class='ocrx_word' id='word_1_139' title='bbox 815 1507 940 1564; x_wconf 85' lang='lat' dir='ltr'>vult</span> <span class='ocrx_word' id='word_1_140' title='bbox 982 1506 1158 1564; x_wconf 89' lang='lat' dir='ltr'>fluere</span> <span class='ocrx_word' id='word_1_141' title='bbox 1201 1507 1495 1583; x_wconf 67' lang='lat' dir='ltr'>imagines</span> <span class='ocrx_word' id='word_1_142' title='bbox 1583 1507 1753 1575; x_wconf 82' lang='lat' dir='ltr'>Quod</span> <span class='ocrx_word' id='word_1_143' title='bbox 1796 1509 1977 1585; x_wconf 86' lang='lat' dir='ltr'>igitur</span> 
     </span>
     <span class='ocr_line' id='line_1_19' title="bbox 292 1586 1975 1664; baseline 0.001 -22"><span class='ocrx_word' id='word_1_144' title='bbox 292 1586 459 1643; x_wconf 87' lang='lat' dir='ltr'>Marii</span> <span class='ocrx_word' id='word_1_145' title='bbox 488 1605 693 1662; x_wconf 93' lang='lat' dir='ltr'>corpus</span> <span class='ocrx_word' id='word_1_146' title='bbox 722 1588 872 1644; x_wconf 64' lang='lat' dir='ltr'>erat?</span> <span class='ocrx_word' id='word_1_147' title='bbox 944 1586 1032 1642; x_wconf 89' lang='lat' dir='ltr'>Ex</span> <span class='ocrx_word' id='word_1_148' title='bbox 1061 1606 1147 1658; x_wconf 93' lang='lat' dir='ltr'>eo,</span> <span class='ocrx_word' id='word_1_149' title='bbox 1172 1587 1377 1663; x_wconf 87' lang='lat' dir='ltr'>inquit,</span> <span class='ocrx_word' id='word_1_150' title='bbox 1401 1588 1553 1664; x_wconf 92' lang='lat' dir='ltr'>quod</span> <span class='ocrx_word' id='word_1_151' title='bbox 1577 1588 1779 1646; x_wconf 83' lang='lat' dir='ltr'>fuerat.</span> <span class='ocrx_word' id='word_1_152' title='bbox 1848 1588 1975 1645; x_wconf 92' lang='lat' dir='ltr'>Ple-</span> 
     </span>
     <span class='ocr_line' id='line_1_20' title="bbox 290 1666 1975 1744; baseline 0.002 -21"><span class='ocrx_word' id='word_1_153' title='bbox 290 1686 365 1723; x_wconf 91' lang='lat' dir='ltr'>na</span> <span class='ocrx_word' id='word_1_154' title='bbox 393 1673 527 1724; x_wconf 91' lang='lat' dir='ltr'>sunt</span> <span class='ocrx_word' id='word_1_155' title='bbox 556 1666 873 1743; x_wconf 85' lang='lat' dir='ltr'>imaginum</span> <span class='ocrx_word' id='word_1_156' title='bbox 903 1667 1112 1725; x_wconf 89' lang='lat' dir='ltr'>omnia.</span> <span class='ocrx_word' id='word_1_157' title='bbox 1191 1666 1309 1724; x_wconf 86' lang='lat' dir='ltr'>Ista</span> <span class='ocrx_word' id='word_1_158' title='bbox 1330 1667 1507 1744; x_wconf 89' lang='lat' dir='ltr'>igitur</span> <span class='ocrx_word' id='word_1_159' title='bbox 1527 1687 1620 1725; x_wconf 90' lang='lat' dir='ltr'>me</span> <span class='ocrx_word' id='word_1_160' title='bbox 1641 1669 1834 1744; x_wconf 80' lang='lat' dir='ltr'>imago</span> <span class='ocrx_word' id='word_1_161' title='bbox 1857 1668 1975 1726; x_wconf 85' lang='lat' dir='ltr'>Ma-</span> 
     </span>
     <span class='ocr_line' id='line_1_21' title="bbox 291 1746 1969 1823; baseline 0.001 -20"><span class='ocrx_word' id='word_1_162' title='bbox 291 1748 359 1803; x_wconf 90' lang='lat' dir='ltr'>rii</span> <span class='ocrx_word' id='word_1_163' title='bbox 383 1748 442 1803; x_wconf 91' lang='lat' dir='ltr'>in</span> <span class='ocrx_word' id='word_1_164' title='bbox 465 1765 732 1823; x_wconf 85' lang='lat' dir='ltr'>campum</span> <span class='ocrx_word' id='word_1_165' title='bbox 756 1746 1052 1804; x_wconf 87' lang='lat' dir='ltr'>Atinatem</span> <span class='ocrx_word' id='word_1_166' title='bbox 1076 1748 1533 1823; x_wconf 87' lang='lat' dir='ltr'>persequebatur.</span> <span class='ocrx_word' id='word_1_167' title='bbox 1618 1748 1791 1805; x_wconf 85' lang='lat' dir='ltr'>Nulla</span> <span class='ocrx_word' id='word_1_168' title='bbox 1819 1750 1969 1805; x_wconf 88' lang='lat' dir='ltr'>enim</span> 
     </span>
     <span class='ocr_line' id='line_1_22' title="bbox 292 1827 1969 1919; baseline 0.001 -37"><span class='ocrx_word' id='word_1_169' title='bbox 292 1828 507 1903; x_wconf 86' lang='lat' dir='ltr'>species</span> <span class='ocrx_word' id='word_1_170' title='bbox 548 1827 788 1902; x_wconf 87' lang='lat' dir='ltr'>cogitari</span> <span class='ocrx_word' id='word_1_171' title='bbox 827 1834 1040 1919; x_wconf 83' lang='lat' dir='ltr'>potest</span> <span class='ocrx_word' id='word_1_172' title='bbox 1060 1827 1172 1883; x_wconf 90' lang='lat' dir='ltr'>nisi</span> <span class='ocrx_word' id='word_1_173' title='bbox 1205 1827 1373 1904; x_wconf 89' lang='lat' dir='ltr'>pulsu</span> <span class='ocrx_word' id='word_1_174' title='bbox 1414 1828 1749 1903; x_wconf 79' lang='lat' dir='ltr'>imaginum.</span> <span class='ocrx_word' id='word_1_175' title='bbox 1839 1834 1969 1886; x_wconf 85' lang='lat'>138.</span> 
     </span>
     <span class='ocr_line' id='line_1_23' title="bbox 292 1906 1975 1983; baseline 0.001 -20"><span class='ocrx_word' id='word_1_176' title='bbox 292 1906 445 1975; x_wconf 80' lang='lat' dir='ltr'>Quid</span> <span class='ocrx_word' id='word_1_177' title='bbox 480 1909 653 1983; x_wconf 64' lang='grc' dir='ltr'>θιςο2</span> <span class='ocrx_word' id='word_1_178' title='bbox 695 1908 835 1963; x_wconf 86' lang='lat' dir='ltr'>istae</span> <span class='ocrx_word' id='word_1_179' title='bbox 870 1907 1149 1982; x_wconf 76' lang='lat' dir='ltr'>imagines</span> <span class='ocrx_word' id='word_1_180' title='bbox 1176 1907 1259 1963; x_wconf 87' lang='lat' dir='ltr'>ita</span> <span class='ocrx_word' id='word_1_181' title='bbox 1286 1907 1453 1964; x_wconf 91' lang='lat' dir='ltr'>nobis</span> <span class='ocrx_word' id='word_1_182' title='bbox 1487 1908 1642 1965; x_wconf 91' lang='lat' dir='ltr'>dicto</span> <span class='ocrx_word' id='word_1_183' title='bbox 1677 1908 1975 1965; x_wconf 89' lang='lat' dir='ltr'>audientes</span> 
     </span>
     <span class='ocr_line' id='line_1_24' title="bbox 292 1986 1972 2062; baseline 0.002 -20"><span class='ocrx_word' id='word_1_184' title='bbox 292 1993 441 2058; x_wconf 85' lang='lat' dir='ltr'>sunt,</span> <span class='ocrx_word' id='word_1_185' title='bbox 480 1995 546 2043; x_wconf 91' lang='lat' dir='ltr'>ut</span> <span class='ocrx_word' id='word_1_186' title='bbox 588 1986 756 2043; x_wconf 88' lang='lat' dir='ltr'>simul</span> <span class='ocrx_word' id='word_1_187' title='bbox 799 1993 969 2062; x_wconf 83' lang='lat' dir='ltr'>atque</span> <span class='ocrx_word' id='word_1_188' title='bbox 1011 1986 1256 2043; x_wconf 88' lang='lat' dir='ltr'>velimus</span> <span class='ocrx_word' id='word_1_189' title='bbox 1296 1989 1626 2046; x_wconf 68' lang='lat' dir='ltr'>accurrant?</span> <span class='ocrx_word' id='word_1_190' title='bbox 1707 1988 1972 2046; x_wconf 86' lang='lat' dir='ltr'>Etiamne</span> 
     </span>
     <span class='ocr_line' id='line_1_25' title="bbox 291 2066 1973 2142; baseline 0.002 -20"><span class='ocrx_word' id='word_1_191' title='bbox 291 2085 484 2123; x_wconf 90' lang='lat' dir='ltr'>earum</span> <span class='ocrx_word' id='word_1_192' title='bbox 513 2085 718 2135; x_wconf 88' lang='lat' dir='ltr'>rerum,</span> <span class='ocrx_word' id='word_1_193' title='bbox 745 2085 887 2142; x_wconf 88' lang='lat' dir='ltr'>quae</span> <span class='ocrx_word' id='word_1_194' title='bbox 916 2066 1100 2123; x_wconf 89' lang='lat' dir='ltr'>nullae</span> <span class='ocrx_word' id='word_1_195' title='bbox 1132 2067 1301 2124; x_wconf 66' lang='lat' dir='ltr'>sunt?</span> <span class='ocrx_word' id='word_1_196' title='bbox 1383 2067 1541 2135; x_wconf 81' lang='lat' dir='ltr'>Quae</span> <span class='ocrx_word' id='word_1_197' title='bbox 1570 2074 1656 2125; x_wconf 89' lang='lat' dir='ltr'>est</span> <span class='ocrx_word' id='word_1_198' title='bbox 1684 2070 1836 2125; x_wconf 89' lang='lat' dir='ltr'>enim</span> <span class='ocrx_word' id='word_1_199' title='bbox 1859 2069 1973 2125; x_wconf 84' lang='lat' dir='ltr'>for-</span> 
     </span>
     <span class='ocr_line' id='line_1_26' title="bbox 291 2145 1974 2224; baseline 0.001 -23"><span class='ocrx_word' id='word_1_200' title='bbox 291 2165 385 2202; x_wconf 89' lang='lat' dir='ltr'>ma</span> <span class='ocrx_word' id='word_1_201' title='bbox 419 2153 537 2203; x_wconf 90' lang='lat' dir='ltr'>tam</span> <span class='ocrx_word' id='word_1_202' title='bbox 571 2146 859 2214; x_wconf 87' lang='lat' dir='ltr'>inusitata,</span> <span class='ocrx_word' id='word_1_203' title='bbox 884 2153 1002 2202; x_wconf 90' lang='lat' dir='ltr'>tam</span> <span class='ocrx_word' id='word_1_204' title='bbox 1037 2145 1194 2203; x_wconf 90' lang='lat' dir='ltr'>nulla</span> <span class='ocrx_word' id='word_1_205' title='bbox 1228 2165 1396 2222; x_wconf 91' lang='lat' dir='ltr'>quam</span> <span class='ocrx_word' id='word_1_206' title='bbox 1433 2166 1547 2202; x_wconf 91' lang='lat' dir='ltr'>non</span> <span class='ocrx_word' id='word_1_207' title='bbox 1586 2147 1693 2204; x_wconf 86' lang='lat' dir='ltr'>sibi</span> <span class='ocrx_word' id='word_1_208' title='bbox 1722 2149 1843 2224; x_wconf 92' lang='lat' dir='ltr'>ipse</span> <span class='ocrx_word' id='word_1_209' title='bbox 1871 2147 1974 2203; x_wconf 93' lang='lat' dir='ltr'>fin-</span> 
     </span>
     <span class='ocr_line' id='line_1_27' title="bbox 292 2225 1974 2302; baseline 0.001 -20"><span class='ocrx_word' id='word_1_210' title='bbox 292 2245 424 2301; x_wconf 82' lang='lat' dir='ltr'>gere</span> <span class='ocrx_word' id='word_1_211' title='bbox 456 2226 680 2283; x_wconf 90' lang='lat' dir='ltr'>animus</span> <span class='ocrx_word' id='word_1_212' title='bbox 712 2225 932 2302; x_wconf 69' lang='lat' dir='ltr'>possit?</span> <span class='ocrx_word' id='word_1_213' title='bbox 974 2232 1053 2295; x_wconf 88' lang='lat' dir='ltr'>nt,</span> <span class='ocrx_word' id='word_1_214' title='bbox 1087 2245 1232 2301; x_wconf 90' lang='lat' dir='ltr'>quae</span> <span class='ocrx_word' id='word_1_215' title='bbox 1265 2245 1578 2302; x_wconf 88' lang='lat' dir='ltr'>numquam</span> <span class='ocrx_word' id='word_1_216' title='bbox 1612 2227 1875 2296; x_wconf 82' lang='lat' dir='ltr'>vidimuS,</span> <span class='ocrx_word' id='word_1_217' title='bbox 1907 2247 1974 2283; x_wconf 86' lang='lat' dir='ltr'>ea</span> 
     </span>
     <span class='ocr_line' id='line_1_28' title="bbox 292 2304 1974 2381; baseline -0.001 -19"><span class='ocrx_word' id='word_1_218' title='bbox 292 2313 484 2362; x_wconf 85' lang='lat' dir='ltr'>tamen</span> <span class='ocrx_word' id='word_1_219' title='bbox 517 2306 829 2362; x_wconf 84' lang='lat' dir='ltr'>informata</span> <span class='ocrx_word' id='word_1_220' title='bbox 862 2304 1188 2375; x_wconf 89' lang='lat' dir='ltr'>habeamus,</span> <span class='ocrx_word' id='word_1_221' title='bbox 1221 2305 1567 2381; x_wconf 90' lang='lat' dir='ltr'>oppidorum</span> <span class='ocrx_word' id='word_1_222' title='bbox 1602 2306 1760 2375; x_wconf 84' lang='lat' dir='ltr'>situs,</span> <span class='ocrx_word' id='word_1_223' title='bbox 1793 2305 1974 2362; x_wconf 89' lang='lat' dir='ltr'>homi·</span> 
     </span>
     <span class='ocr_line' id='line_1_29' title="bbox 292 2383 1975 2461; baseline 0.001 -21"><span class='ocrx_word' id='word_1_224' title='bbox 292 2404 432 2441; x_wconf 89' lang='lat' dir='ltr'>num</span> <span class='ocrx_word' id='word_1_225' title='bbox 460 2383 684 2461; x_wconf 75' lang='lat' dir='ltr'>figurae.</span> <span class='ocrx_word' id='word_1_226' title='bbox 776 2391 905 2443; x_wconf 85' lang='lat'>139.</span> <span class='ocrx_word' id='word_1_227' title='bbox 953 2385 1108 2441; x_wconf 91' lang='lat' dir='ltr'>Num</span> <span class='ocrx_word' id='word_1_228' title='bbox 1139 2385 1332 2460; x_wconf 86' lang='lat' dir='ltr'>igitur,</span> <span class='ocrx_word' id='word_1_229' title='bbox 1358 2404 1486 2441; x_wconf 90' lang='lat' dir='ltr'>cum</span> <span class='ocrx_word' id='word_1_230' title='bbox 1518 2392 1616 2442; x_wconf 89' lang='lat' dir='ltr'>aut</span> <span class='ocrx_word' id='word_1_231' title='bbox 1641 2403 1837 2442; x_wconf 85' lang='lat' dir='ltr'>muros</span> <span class='ocrx_word' id='word_1_232' title='bbox 1863 2385 1975 2450; x_wconf 87' lang='lat' dir='ltr'>Ba-</span> 
     </span>
     <span class='ocr_line' id='line_1_30' title="bbox 290 2463 1976 2540; baseline 0.001 -20"><span class='ocrx_word' id='word_1_233' title='bbox 290 2463 520 2540; x_wconf 89' lang='lat' dir='ltr'>bylonis</span> <span class='ocrx_word' id='word_1_234' title='bbox 549 2472 645 2521; x_wconf 90' lang='lat' dir='ltr'>aut</span> <span class='ocrx_word' id='word_1_235' title='bbox 675 2464 916 2521; x_wconf 90' lang='lat' dir='ltr'>Homeri</span> <span class='ocrx_word' id='word_1_236' title='bbox 939 2465 1148 2521; x_wconf 88' lang='lat' dir='ltr'>faciem</span> <span class='ocrx_word' id='word_1_237' title='bbox 1177 2465 1388 2540; x_wconf 89' lang='lat' dir='ltr'>cogit0‚</span> <span class='ocrx_word' id='word_1_238' title='bbox 1409 2465 1601 2540; x_wconf 84' lang='lat' dir='ltr'>imago</span> <span class='ocrx_word' id='word_1_239' title='bbox 1629 2464 1856 2521; x_wconf 89' lang='lat' dir='ltr'>illorum</span> <span class='ocrx_word' id='word_1_240' title='bbox 1880 2484 1976 2522; x_wconf 89' lang='lat' dir='ltr'>me</span> 
     </span>
     <span class='ocr_line' id='line_1_31' title="bbox 292 2543 1975 2621; baseline 0.001 -22"><span class='ocrx_word' id='word_1_241' title='bbox 292 2544 481 2621; x_wconf 89' lang='lat' dir='ltr'>aliqua</span> <span class='ocrx_word' id='word_1_242' title='bbox 507 2543 705 2620; x_wconf 66' lang='lat' dir='ltr'>pellit?</span> <span class='ocrx_word' id='word_1_243' title='bbox 786 2544 996 2602; x_wconf 90' lang='lat' dir='ltr'>Omnia</span> <span class='ocrx_word' id='word_1_244' title='bbox 1022 2545 1217 2621; x_wconf 90' lang='lat' dir='ltr'>igitur,</span> <span class='ocrx_word' id='word_1_245' title='bbox 1240 2562 1383 2620; x_wconf 89' lang='lat' dir='ltr'>quae</span> <span class='ocrx_word' id='word_1_246' title='bbox 1413 2543 1691 2614; x_wconf 81' lang='lat' dir='ltr'>volumuS,</span> <span class='ocrx_word' id='word_1_247' title='bbox 1716 2553 1855 2601; x_wconf 90' lang='lat' dir='ltr'>nota</span> <span class='ocrx_word' id='word_1_248' title='bbox 1874 2564 1975 2600; x_wconf 90' lang='lat' dir='ltr'>no-</span> 
     </span>
     <span class='ocr_line' id='line_1_32' title="bbox 292 2623 1975 2700; baseline 0.001 -21"><span class='ocrx_word' id='word_1_249' title='bbox 292 2623 380 2680; x_wconf 90' lang='lat' dir='ltr'>bis</span> <span class='ocrx_word' id='word_1_250' title='bbox 413 2643 534 2680; x_wconf 87' lang='lat' dir='ltr'>esse</span> <span class='ocrx_word' id='word_1_251' title='bbox 561 2630 835 2700; x_wconf 89' lang='lat' dir='ltr'>possunt:</span> <span class='ocrx_word' id='word_1_252' title='bbox 878 2624 1024 2680; x_wconf 89' lang='lat' dir='ltr'>nihil</span> <span class='ocrx_word' id='word_1_253' title='bbox 1052 2631 1139 2680; x_wconf 92' lang='lat' dir='ltr'>est</span> <span class='ocrx_word' id='word_1_254' title='bbox 1174 2625 1329 2681; x_wconf 91' lang='lat' dir='ltr'>enim</span> <span class='ocrx_word' id='word_1_255' title='bbox 1358 2623 1429 2680; x_wconf 92' lang='lat' dir='ltr'>de</span> <span class='ocrx_word' id='word_1_256' title='bbox 1460 2642 1573 2699; x_wconf 91' lang='lat' dir='ltr'>quo</span> <span class='ocrx_word' id='word_1_257' title='bbox 1603 2624 1852 2699; x_wconf 88' lang='lat' dir='ltr'>cogitare</span> <span class='ocrx_word' id='word_1_258' title='bbox 1881 2643 1975 2681; x_wconf 91' lang='lat' dir='ltr'>ne-</span> 
     </span>
     <span class='ocr_line' id='line_1_33' title="bbox 294 2702 1974 2780; baseline 0 -21"><span class='ocrx_word' id='word_1_259' title='bbox 294 2721 580 2779; x_wconf 65' lang='lat' dir='ltr'>queamus</span> <span class='ocrx_word' id='word_1_260' title='bbox 666 2702 870 2760; x_wconf 92' lang='lat' dir='ltr'>Nullae</span> <span class='ocrx_word' id='word_1_261' title='bbox 899 2723 1034 2780; x_wconf 85' lang='lat' dir='ltr'>ergo</span> <span class='ocrx_word' id='word_1_262' title='bbox 1055 2704 1336 2780; x_wconf 87' lang='lat' dir='ltr'>imagines</span> <span class='ocrx_word' id='word_1_263' title='bbox 1365 2702 1648 2778; x_wconf 87' lang='lat' dir='ltr'>obrepunt</span> <span class='ocrx_word' id='word_1_264' title='bbox 1670 2704 1727 2759; x_wconf 92' lang='lat' dir='ltr'>in</span> <span class='ocrx_word' id='word_1_265' title='bbox 1752 2704 1974 2760; x_wconf 88' lang='lat' dir='ltr'>animos</span> 
     </span>
     <span class='ocr_line' id='line_1_34' title="bbox 293 2781 1974 2851; baseline 0.001 -14"><span class='ocrx_word' id='word_1_266' title='bbox 293 2782 702 2840; x_wconf 84' lang='lat' dir='ltr'>dormientium</span> <span class='ocrx_word' id='word_1_267' title='bbox 725 2784 1070 2840; x_wconf 88' lang='lat' dir='ltr'>extrinsecus</span> <span class='ocrx_word' id='word_1_268' title='bbox 1092 2803 1196 2840; x_wconf 90' lang='lat' dir='ltr'>nec</span> <span class='ocrx_word' id='word_1_269' title='bbox 1221 2783 1457 2840; x_wconf 90' lang='lat' dir='ltr'>omnino</span> <span class='ocrx_word' id='word_1_270' title='bbox 1479 2781 1666 2839; x_wconf 89' lang='lat' dir='ltr'>fluunt</span> <span class='ocrx_word' id='word_1_271' title='bbox 1686 2782 1847 2851; x_wconf 89' lang='lat' dir='ltr'>ullae,</span> <span class='ocrx_word' id='word_1_272' title='bbox 1870 2803 1974 2840; x_wconf 89' lang='lat' dir='ltr'>nec</span> 
     </span>
     <span class='ocr_line' id='line_1_35' title="bbox 293 2862 1975 2938; baseline 0.001 -20"><span class='ocrx_word' id='word_1_273' title='bbox 293 2863 539 2938; x_wconf 88' lang='lat' dir='ltr'>cognovi</span> <span class='ocrx_word' id='word_1_274' title='bbox 573 2881 916 2938; x_wconf 89' lang='lat' dir='ltr'>quemquam</span> <span class='ocrx_word' id='word_1_275' title='bbox 953 2863 1051 2938; x_wconf 92' lang='lat' dir='ltr'>qui</span> <span class='ocrx_word' id='word_1_276' title='bbox 1084 2863 1299 2919; x_wconf 89' lang='lat' dir='ltr'>maiore</span> <span class='ocrx_word' id='word_1_277' title='bbox 1340 2862 1680 2919; x_wconf 87' lang='lat' dir='ltr'>auctoritate</span> <span class='ocrx_word' id='word_1_278' title='bbox 1714 2862 1857 2919; x_wconf 83' lang='lat' dir='ltr'>nihil</span> <span class='ocrx_word' id='word_1_279' title='bbox 1893 2864 1975 2919; x_wconf 92' lang='lat' dir='ltr'>di-</span> 
     </span>
     <span class='ocr_line' id='line_1_36' title="bbox 293 2941 1974 3018; baseline 0.001 -21"><span class='ocrx_word' id='word_1_280' title='bbox 293 2949 459 2999; x_wconf 91' lang='lat' dir='ltr'>ceret.</span> <span class='ocrx_word' id='word_1_281' title='bbox 545 2941 891 2998; x_wconf 90' lang='lat' dir='ltr'>Animorum</span> <span class='ocrx_word' id='word_1_282' title='bbox 927 2949 1013 2998; x_wconf 89' lang='lat' dir='ltr'>est</span> <span class='ocrx_word' id='word_1_283' title='bbox 1047 2961 1114 2998; x_wconf 90' lang='lat' dir='ltr'>ea</span> <span class='ocrx_word' id='word_1_284' title='bbox 1146 2942 1231 2998; x_wconf 89' lang='lat' dir='ltr'>vis</span> <span class='ocrx_word' id='word_1_285' title='bbox 1265 2960 1441 3017; x_wconf 88' lang='lat' dir='ltr'>eaque</span> <span class='ocrx_word' id='word_1_286' title='bbox 1475 2949 1692 3014; x_wconf 84' lang='lat' dir='ltr'>natura,</span> <span class='ocrx_word' id='word_1_287' title='bbox 1725 2949 1790 2999; x_wconf 92' lang='lat' dir='ltr'>ut</span> <span class='ocrx_word' id='word_1_288' title='bbox 1823 2944 1974 3018; x_wconf 85' lang='lat' dir='ltr'>vige-</span> 
     </span>
     <span class='ocr_line' id='line_1_37' title="bbox 293 3020 1972 3097; baseline 0.001 -20"><span class='ocrx_word' id='word_1_289' title='bbox 293 3029 392 3078; x_wconf 86' lang='lat' dir='ltr'>ant</span> <span class='ocrx_word' id='word_1_290' title='bbox 432 3020 733 3096; x_wconf 86' lang='lat' dir='ltr'>vigilantes</span> <span class='ocrx_word' id='word_1_291' title='bbox 766 3021 923 3077; x_wconf 89' lang='lat' dir='ltr'>nullo</span> <span class='ocrx_word' id='word_1_292' title='bbox 966 3021 1289 3078; x_wconf 86' lang='lat' dir='ltr'>adventicio</span> <span class='ocrx_word' id='word_1_293' title='bbox 1323 3021 1508 3097; x_wconf 86' lang='lat' dir='ltr'>pulsu,</span> <span class='ocrx_word' id='word_1_294' title='bbox 1541 3022 1641 3078; x_wconf 90' lang='lat' dir='ltr'>sed</span> <span class='ocrx_word' id='word_1_295' title='bbox 1674 3042 1776 3079; x_wconf 91' lang='lat' dir='ltr'>suo</span> <span class='ocrx_word' id='word_1_296' title='bbox 1811 3030 1972 3078; x_wconf 89' lang='lat' dir='ltr'>motu</span> 
     </span>
     <span class='ocr_line' id='line_1_38' title="bbox 293 3100 1977 3177; baseline 0.001 -21"><span class='ocrx_word' id='word_1_297' title='bbox 293 3100 613 3158; x_wconf 89' lang='lat' dir='ltr'>incredibili</span> <span class='ocrx_word' id='word_1_298' title='bbox 649 3100 892 3177; x_wconf 88' lang='lat' dir='ltr'>quadam</span> <span class='ocrx_word' id='word_1_299' title='bbox 937 3100 1239 3158; x_wconf 89' lang='lat' dir='ltr'>celeritate.</span> <span class='ocrx_word' id='word_1_300' title='bbox 1325 3101 1405 3156; x_wconf 88' lang='lat' dir='ltr'>Hi</span> <span class='ocrx_word' id='word_1_301' title='bbox 1450 3119 1580 3156; x_wconf 90' lang='lat' dir='ltr'>cum</span> <span class='ocrx_word' id='word_1_302' title='bbox 1624 3102 1977 3158; x_wconf 87' lang='lat' dir='ltr'>sustinentur</span> 
     </span>
     <span class='ocr_line' id='line_1_39' title="bbox 292 3179 1975 3251; baseline -0.001 -14"><span class='ocrx_word' id='word_1_303' title='bbox 292 3180 565 3237; x_wconf 87' lang='lat' dir='ltr'>membris</span> <span class='ocrx_word' id='word_1_304' title='bbox 599 3187 657 3235; x_wconf 92' lang='lat' dir='ltr'>et</span> <span class='ocrx_word' id='word_1_305' title='bbox 690 3199 925 3251; x_wconf 85' lang='lat' dir='ltr'>corpore</span> <span class='ocrx_word' id='word_1_306' title='bbox 960 3188 1017 3236; x_wconf 87' lang='lat' dir='ltr'>ct</span> <span class='ocrx_word' id='word_1_307' title='bbox 1051 3179 1324 3250; x_wconf 81' lang='lat' dir='ltr'>sensibuS,</span> <span class='ocrx_word' id='word_1_308' title='bbox 1356 3180 1550 3235; x_wconf 89' lang='lat' dir='ltr'>omnia</span> <span class='ocrx_word' id='word_1_309' title='bbox 1590 3181 1831 3237; x_wconf 89' lang='lat' dir='ltr'>certiora</span> <span class='ocrx_word' id='word_1_310' title='bbox 1863 3199 1975 3237; x_wconf 84' lang='lat' dir='ltr'>cer-</span> 
     </span>
    </p>
   </div>
   <div class='ocr_carea' id='block_1_3' title="bbox 2031 3287 2124 3361">
    <p class='ocr_par' dir='ltr' id='par_1_3' title="bbox 2031 3287 2124 3361">
     <span class='ocr_line' id='line_1_40' title="bbox 2031 3287 2124 3361; baseline 0 -2"><span class='ocrx_word' id='word_1_311' title='bbox 2031 3287 2124 3361; x_wconf 65' lang='grc' dir='ltr'>Ι</span> 
     </span>
    </p>
   </div>
  </div>
 </body>
</html>
