2205 3431
668 103 806 152 ΜΒ.
832 104 898 164 1.,
922 104 1078 153 CAP.
1102 104 1389 165 V11.-1x.,
1412 102 1441 163 ς
1467 106 1646 153 16-22.
1938 108 1995 153 ιι

324 223 393 261 ex
427 203 634 281 quibus
666 204 884 281 reliqua
914 204 1256 275 formantur,
1288 212 1421 281 apte
1462 204 1730 262 cadentes
1770 204 1845 262 ad
1885 204 2002 261 ani-

324 303 482 340 mum
538 282 900 341 efficiendum
946 284 1366 362 pariendosque
1422 286 1655 341 sensus?
1736 284 2002 361 Longum

323 373 409 420 cst
437 363 511 420 ad
539 364 748 435 omnia,
775 383 918 440 quae
946 364 1086 422 talia
1114 371 1263 435 sunt,
1294 371 1361 421 ut
1389 370 1589 441 optata
1615 365 1800 441 magis
1829 383 2000 441 quam

325 443 556 500 inventa
587 443 903 501 videantur.
989 450 1082 500 20.
1116 443 1231 500 Sed
1265 443 1362 500 illa
1392 443 1678 520 palmariS,
1704 443 1876 521 quod,
1903 444 2003 521 qui

324 541 439 578 non
483 523 658 580 modo
700 530 902 581 natum
940 523 1222 580 mundum
1264 523 1663 593 introduxerit,
1695 524 1796 580 sed
1829 524 2003 580 etiam

324 621 497 659 manu
518 621 699 679 paene
720 603 957 673 factum,
973 603 1023 659 is
1045 622 1176 660 eum
1200 602 1409 660 dixerit
1425 603 1550 659 fore
1573 603 2000 679 sempiternum.

326 681 499 739 Hunc
532 701 727 739 censes
761 683 976 759 primiS,
1008 690 1075 739 ut
1107 683 1336 753 dicitur,
1356 682 1529 740 labris
1561 690 1820 757 gustasse
1861 682 2003 758 phy-

326 762 643 839 siologiam,
673 762 736 819 id
785 770 887 832 est,
923 769 1158 819 naturae
1212 762 1512 832 rationem,
1543 763 1644 840 qui
1699 762 2003 839 quicquam

327 842 482 918 quod
512 850 701 899 ortum
731 843 808 899 sit
833 849 1001 919 putet
1028 849 1323 900 aeternum
1353 861 1473 899 esse
1500 842 1704 919 posse?
1747 861 1889 918 quae
1918 850 2003 898 est

326 921 481 978 cuim
510 923 933 999 coagmentatio
967 941 1084 979 non
1114 921 1464 980 dissolubilis
1491 929 1592 979 aut
1626 921 1766 998 quid
1799 930 1885 979 est
1913 940 2004 977 cu-

326 1002 416 1058 ius
436 1002 783 1080 principium
806 1002 1040 1079 aliquod
1063 1003 1155 1070 sit,
1175 1002 1320 1059 nibil
1342 1003 1417 1059 sit
1439 1009 1752 1060 extremum
1773 1002 1793 1059 2
1866 1000 2005 1057 Pro-

327 1101 473 1139 noea
504 1102 637 1139 vero
673 1082 721 1139 si
753 1089 941 1140 vestra
972 1089 1075 1153 est,
1109 1081 1309 1152 Lucili,
1340 1082 1557 1153 eadem,
1583 1082 1827 1158 requirO,
1860 1100 2003 1157 quae

327 1161 498 1237 paulo
533 1169 682 1232 ante,
714 1162 1023 1233 ministrOS,
1055 1162 1365 1231 machinaS,
1397 1180 1623 1219 omnem
1661 1162 1841 1219 totius
1875 1180 2004 1236 ope-

327 1241 406 1298 ris
426 1241 884 1318 designationem
907 1250 1079 1319 atque
1108 1249 1479 1318 apparatum:
1524 1242 1610 1297 sin
1641 1241 1752 1297 alia
1778 1247 1880 1309 est,
1905 1260 2006 1297 cur

328 1322 627 1379 mortalem
667 1322 872 1379 fecerit
920 1322 1219 1391 mundum,
1255 1341 1390 1392 non,
1423 1340 1592 1397 quem
1643 1321 1716 1378 ad
1765 1320 2002 1377 modum

329 1401 661 1463 Platonicus
693 1401 851 1472 deuS‚
883 1401 1311 1479 sempiternum.
1396 1401 1502 1458 IX.
1589 1407 1681 1458 21.
1713 1400 1809 1457 Ab
1850 1407 2006 1456 utro-

329 1501 440 1557 que
468 1489 663 1538 autem
694 1481 952 1539 sciscitor
984 1501 1085 1538 cur
1117 1481 1322 1538 mundi
1341 1480 1741 1538 aedificatores
1771 1490 2006 1557 repente

330 1561 669 1633 exstiterint,
701 1561 1141 1619 innumerabilia
1181 1561 1402 1618 saecula
1434 1560 1785 1617 dormierint.
1870 1559 1928 1617 N
1931 1579 2005 1616 on

329 1641 502 1712 enim,
520 1641 841 1699 simundus
868 1641 1058 1699 nullus
1086 1647 1222 1712 erat,
1244 1640 1465 1697 saecula
1485 1659 1601 1697 non
1624 1645 1799 1697 erant.
1877 1639 2005 1696 Sae-

329 1722 457 1779 cula
482 1741 635 1779 nunc
663 1723 795 1796 dico
824 1742 941 1779 non
971 1742 1052 1794 ca,
1085 1741 1230 1800 quae
1258 1721 1479 1778 dierum
1507 1721 1878 1797 noctiumque
1906 1740 2008 1778 nu-

328 1821 489 1859 mero
531 1803 735 1859 annuis
776 1802 1034 1860 cursibus
1074 1801 1485 1860 conficiuntur:
1530 1820 1664 1857 nam
1704 1801 1894 1858 fateor
1941 1820 2009 1858 ea

329 1882 453 1939 sine
480 1882 684 1939 mundi
712 1883 1080 1940 conversione
1110 1881 1256 1940 effici
1284 1900 1401 1939 non
1433 1882 1721 1958 potuisse:
1765 1881 1864 1938 sed
1892 1880 2009 1938 fuit

330 1961 610 2038 quaedam
644 1962 717 2019 ab
745 1962 972 2020 infinito
1000 1970 1261 2039 tempore
1293 1962 1612 2032 aeternitas,
1646 1981 1817 2053 quam
1851 1960 2009 2018 nulla

330 2042 782 2119 circumscriptio
824 2050 1153 2119 temporum
1195 2042 1553 2112 metiebatur,
1586 2042 1773 2118 spatio
1813 2049 2006 2098 tamen

331 2121 516 2198 qualis
543 2140 610 2179 ea
636 2123 813 2180 fucrit
842 2123 1096 2199 intellegi
1126 2141 1241 2179 non
1270 2129 1496 2198 potest:
1541 2122 1697 2199 quod
1724 2141 1796 2179 ne
1830 2122 1891 2177 in
1919 2141 2009 2178 co-

330 2202 673 2278 gitationem
709 2202 942 2280 quidem
984 2203 1156 2273 cadit,
1187 2210 1253 2260 ut
1284 2202 1462 2259 fuerit
1493 2210 1723 2294 tempus
1755 2183 2058 2278 aliquod,

330 2282 553 2339 nullum
587 2301 718 2339 cum
751 2291 982 2361 tempus
1014 2291 1178 2340 esset.
1264 2288 1357 2339 22.
1391 2281 1511 2338 Isto
1545 2282 1722 2358 igitur
1753 2288 1872 2338 tam
1906 2281 2008 2337 im-

331 2381 532 2419 menso
567 2363 754 2438 spatio
789 2382 1016 2439 quaero,
1040 2363 1239 2431 Balbe,
1264 2382 1364 2419 cur
1391 2362 1654 2419 Pronoea
1680 2367 1865 2419 vestra
1898 2379 2012 2417 ces-

332 2442 556 2499 saverit.
641 2441 995 2500 Laboremne
1017 2443 1317 2518 fugiebat—3
1397 2442 1482 2499 At
1509 2443 1615 2499 iste
1643 2461 1747 2499 nec
1776 2440 2011 2516 attingit

331 2522 506 2579 deum
555 2541 659 2580 nec
708 2529 828 2579 erat
875 2523 1039 2594 ulluS,
1076 2542 1207 2580 cum
1260 2541 1458 2579 omnes
1506 2528 1739 2578 naturae
1786 2521 2009 2577 numini

332 2602 549 2673 divino,
581 2603 817 2673 caelum,
848 2603 1027 2678 igneS,
1058 2609 1257 2672 terrac,
1288 2603 1468 2659 maria
1495 2608 1771 2677 parerent.
1857 2600 2011 2668 Quid

332 2689 526 2739 autem
562 2689 683 2739 erat
717 2683 874 2759 quod
901 2683 1329 2759 concupisceret
1357 2682 1496 2739 deus
1523 2681 1804 2738 mundum
1834 2681 2013 2754 signis

272 2805 286 2812 -
333 2769 394 2819 et
424 2761 737 2820 luminibus
769 2768 1065 2839 tamquam
1108 2762 1307 2819 aedilis
1349 2763 1583 2818 ornare?
1664 2761 1743 2832 Si,
1775 2768 1839 2818 ut
1872 2761 2013 2817 deus

333 2842 457 2918 ipse
486 2842 689 2898 melius
712 2842 1010 2913 habitaret,
1031 2849 1199 2899 antea
1219 2842 1483 2899 videlicet
1503 2850 1762 2918 tempore
1785 2840 2012 2898 infinito

335 2923 395 2979 in
419 2921 667 2979 tenebris
688 2929 981 2998 tamquam
1012 2922 1071 2978 in
1094 2922 1393 2999 gurgustio
1417 2921 1784 2979 habitaverat.
1869 2921 2015 2977 Post

335 3009 527 3059 autem
562 3003 907 3059 varietatene
948 3021 1080 3058 eum
1116 3001 1383 3059 delectari
1424 3009 1711 3078 putamuS,
1744 3020 1856 3076 qua
1895 3018 2015 3055 cae-

335 3082 456 3139 lum
491 3089 549 3139 et
575 3088 752 3140 terras
787 3089 1085 3138 exornatas
1112 3081 1409 3138 videmus?
1489 3079 1647 3146 Quae
1681 3080 1790 3135 ista
1822 3082 2014 3153 potest

334 3181 458 3220 esse
499 3161 808 3221 oblectatio
841 3161 989 3219 deo?
1031 3179 1177 3237 quae
1216 3161 1267 3216 si
1309 3165 1471 3227 esset,
1502 3177 1619 3214 non
1661 3176 1727 3213 ea
1758 3164 1874 3212 tam
1913 3154 2013 3209 diu
