2205 3431
185 81 250 127 36
625 77 726 125 DE
765 77 1064 127 NATURA
1105 77 1427 128 DEORUM.
1503 63 1508 67 ’

185 197 348 255 pares
383 179 615 235 sumus?
688 176 787 235 Ad
822 178 1259 236 similitudinem
1300 181 1452 236 enim
1488 180 1597 236 deo
1631 180 1870 257 propius

185 258 490 315 accedebat
512 258 764 314 humana
794 259 971 314 virtus
994 278 1163 335 quam
1195 259 1390 335 figura.
1458 260 1712 317 XXXV.
1773 262 1865 317 97.

185 337 279 392 An
318 338 623 415 quiequam
642 344 762 396 tam
791 338 1007 414 puerile
1037 339 1150 395 diei
1174 346 1381 415 potest,
1404 348 1467 396 ut
1505 340 1748 413 eundem
1787 340 1868 396 lo-

185 437 316 473 cum
359 418 576 476 diutius
613 436 865 494 urgeam,
899 437 1067 495 quam
1114 419 1161 475 si
1205 438 1271 475 ea
1311 438 1519 494 genera
1555 419 1865 490 beluarum,

185 517 329 574 quae
359 498 416 554 in
447 497 618 555 rubro
653 499 799 554 mari
827 497 1062 554 Indiave
1091 499 1419 575 gignantur,
1445 499 1600 556 nulla
1633 519 1752 557 esse
1786 501 1869 557 di·

184 579 415 635 camus?
482 577 669 654 Atqui
702 597 774 635 ne
809 577 1178 634 curiosissimi
1216 579 1448 655 quidem
1483 579 1746 636 homines
1779 600 1868 637 ex-

185 658 462 733 quirendo
491 658 687 714 audire
716 665 835 714 tam
869 658 1052 715 multa
1079 667 1339 735 possunt,
1367 679 1536 735 quam
1568 667 1700 716 sunt
1727 661 1871 716 mul·

182 746 258 807 ta,
285 757 429 814 quae
464 745 626 808 terra,
652 738 811 808 mari,
836 738 1159 814 paludibuS,
1185 738 1519 795 fluminibus
1554 739 1867 797 exsistunt:

184 836 327 893 quae
376 836 652 892 negemus
694 837 830 886 esse,
857 818 991 894 quia
1031 838 1348 894 numquam
1395 819 1676 876 vidimus!
1736 819 1871 896 Ipsa

183 916 316 953 vero
353 917 523 973 quam
558 897 703 953 nihil
738 898 810 954 ad
845 917 963 954 rem
1000 899 1268 974 pertinet,
1302 918 1445 975 quae
1482 919 1582 955 vos
1624 899 1871 956 delectat

181 977 447 1047 maxime,
465 977 782 1033 similitudo
805 977 816 1035 1
853 977 1046 1046 Quid?
1079 979 1235 1035 oanis
1258 998 1449 1036 nonne
1472 978 1673 1036 similis
1693 979 1870 1056 lupo?

181 1057 393 1134 Atque,
420 1063 484 1113 ut
511 1057 747 1128 EnniuS,

377 1177 532 1226 Simia
558 1192 705 1240 quam
736 1177 907 1225 similis
936 1178 1216 1240 turpissima
1242 1178 1400 1228 bestia
1425 1179 1593 1227 nobis!

182 1294 266 1350 At
295 1314 480 1351 mores
510 1294 568 1350 in
598 1301 844 1372 utroque
874 1295 1144 1372 dispares.
1218 1295 1544 1372 Elephanto
1576 1295 1867 1353 beluarum

182 1374 338 1431 nulla
365 1375 717 1452 prudentior.
803 1375 887 1431 At
917 1375 1100 1452 figura
1132 1395 1275 1452 quae
1307 1377 1556 1433 vastior?
1640 1382 1731 1433 98.
1777 1375 1869 1433 De

182 1454 380 1512 bestiis
410 1455 628 1532 loquor.
715 1453 906 1523 Quid?
939 1456 1088 1513 inter
1118 1456 1273 1532 ipsos
1300 1455 1564 1512 homines
1592 1475 1782 1513 nonne
1811 1464 1870 1513 et

184 1535 489 1592 simillimis
518 1535 722 1591 formis
757 1535 1010 1611 dispares
1043 1555 1233 1592 mores
1268 1541 1325 1592 et
1359 1535 1618 1592 moribus
1652 1536 1870 1593 similli-

182 1616 292 1672 mis
314 1614 497 1691 figura
525 1615 856 1672 dissimilis?
931 1615 1163 1672 Etenim
1193 1616 1241 1672 si
1265 1616 1455 1686 semel,
1474 1615 1677 1685 Vellei,
1699 1617 1870 1674 susci-

183 1696 374 1772 pimus
397 1715 579 1773 genus
600 1695 710 1753 hoe
733 1696 1073 1772 argumenti,
1095 1695 1329 1753 attende
1353 1714 1466 1772 quo
1496 1703 1699 1773 serpat.
1776 1695 1867 1754 Tu

184 1777 338 1833 enim
374 1776 636 1833 sumebas
658 1776 769 1833 nisi
798 1777 856 1832 in
888 1776 1140 1832 hominis
1167 1775 1350 1853 figura
1376 1776 1657 1833 rationem
1685 1776 1868 1834 inesse

183 1876 300 1913 non
338 1874 538 1932 posse:
597 1864 783 1913 sumet
824 1856 966 1913 alius
1004 1857 1114 1912 nisi
1153 1857 1213 1912 in
1253 1857 1521 1928 terrestri,
1553 1856 1663 1913 nisi
1699 1857 1759 1913 in
1799 1876 1868 1914 eo

186 1937 283 2013 qui
328 1943 496 1992 natus
541 1936 631 2006 sit,
670 1936 779 1992 nisi
821 1937 882 1992 in
927 1956 994 1994 eo
1039 1936 1139 2013 qui
1181 1937 1507 2007 adoleverit,
1545 1937 1655 1993 nisi
1696 1936 1756 1992 in
1800 1957 1867 1994 eo

186 2018 285 2093 qui
305 2016 594 2087 ‘didicerit,
621 2016 732 2072 nisi
766 2016 825 2072 in
856 2035 923 2073 eo
955 2017 1053 2093 qui
1083 2036 1152 2073 ex
1186 2016 1379 2073 animo
1414 2022 1637 2073 constet
1665 2023 1724 2073 et
1752 2036 1870 2073 cor-

184 2116 323 2172 pore
357 2097 572 2153 caduco
607 2104 665 2153 et
692 2095 937 2164 infirmo,
962 2103 1256 2172 postremo
1290 2096 1401 2152 nisi
1431 2096 1489 2151 in
1519 2095 1754 2152 homine
1790 2105 1870 2153 at-

187 2197 296 2253 que
324 2176 567 2233 mortali.
645 2176 815 2245 Quod
844 2177 890 2232 si
919 2177 979 2232 in
1010 2175 1277 2233 omnibus
1305 2176 1394 2232 his
1422 2175 1590 2232 rebus
1620 2175 1865 2245 obsistiS,

187 2258 326 2333 quid
361 2265 446 2313 est
485 2256 641 2333 quod
673 2264 730 2314 te
773 2276 887 2313 una
920 2257 1110 2314 forma
1150 2255 1491 2312 conturbet?
1559 2255 1671 2311 His
1713 2254 1868 2311 enim

187 2336 468 2407 omnibUS,
501 2355 644 2413 quae
677 2337 969 2413 proposui,
1001 2336 1289 2393 adiunctis
1321 2336 1382 2392 in
1423 2335 1659 2392 homine
1700 2334 1872 2391 ratio-

184 2437 318 2474 nem
347 2436 467 2474 esse
490 2425 547 2474 et
567 2424 818 2474 mentem
844 2416 1090 2473 videbas.
1152 2414 1374 2484 Quibus
1403 2415 1672 2472 detractis
1694 2415 1870 2473 deum

185 2506 379 2554 tamen
433 2516 600 2554 nosse
654 2504 711 2554 te
761 2496 920 2567 dicis,
958 2497 1133 2553 modo
1183 2495 1529 2552 lineamenta
1580 2503 1868 2552 maneant.

186 2577 317 2634 Hoc
361 2585 446 2634 est
488 2596 604 2633 non
647 2577 1018 2648 considerare,
1051 2576 1153 2633 sed
1196 2576 1355 2652 quasi
1392 2574 1582 2631 sortiri
1619 2575 1757 2651 quid
1792 2575 1874 2632 lo-

186 2676 373 2733 quare.
462 2662 554 2714 99.
592 2656 720 2713 Nisi
749 2657 900 2714 forte
934 2676 1007 2714 ne
1040 2657 1151 2713 hoe
1188 2656 1421 2732 quidem
1458 2654 1725 2724 attendiS,
1751 2673 1872 2711 non

185 2737 362 2793 modo
396 2735 456 2792 in
492 2736 742 2806 homine,
769 2737 868 2793 sed
902 2737 1073 2794 etiam
1109 2736 1169 2793 in
1213 2735 1413 2791 arbore
1457 2733 1741 2809 quidquid
1786 2753 1876 2790 su-

185 2834 594 2891 pervacaneum
620 2817 693 2873 sit
712 2825 811 2873 aut
832 2836 998 2873 usum
1020 2836 1135 2872 non
1160 2814 1366 2872 habeat
1390 2812 1631 2870 obstare.
1686 2811 1874 2881 Quam

185 2894 489 2951 molestum
534 2902 619 2951 est
668 2915 783 2952 11110
829 2897 1013 2971 digito
1061 2897 1191 2972 plus
1231 2895 1475 2953 habere!
1552 2895 1709 2965 Quid
1756 2896 1875 2952 ita?

187 2974 321 3050 quia
347 2992 452 3030 nee
481 2973 552 3029 ad
583 2975 829 3049 speeiem
860 2995 962 3031 noe
991 2976 1064 3032 ad
1093 2996 1256 3032 usum
1290 2977 1462 3034 alium
1499 2980 1751 3054 quinque
1781 2977 1875 3034 de-

186 3054 452 3110 siderant.
536 3052 696 3109 Tuus
729 3061 919 3110 autem
956 3055 1094 3110 deus
1128 3075 1243 3112 11011
1281 3059 1467 3131 digito
1513 3077 1627 3114 uno
1672 3059 1874 3114 redun-

187 3133 302 3199 dat,
325 3132 423 3188 sed
454 3133 656 3206 capite,
678 3133 841 3202 eollO,
859 3135 1188 3205 cervicibus,
1211 3137 1496 3205 latei-ibim,
1522 3137 1667 3208 alm,
1687 3146 1868 3213 tergO,

180 3261 225 3305 μι
