2205 3431
209 3277 245 3307 k

238 101 337 147 226
760 98 859 146 DE
892 96 1393 147 DIVINATIONE.

237 217 463 256 necesse
512 204 599 255 est
640 197 809 254 fateri
852 198 1059 274 partim
1105 197 1308 254 horum
1360 216 1547 255 errore
1597 205 1926 274 susceptum

238 297 374 348 esse,
394 277 606 353 partim
641 277 1061 353 superstitione,
1081 277 1264 333 multa
1291 277 1583 334 fallendo?
1662 278 1786 335 XL.
1819 279 1928 335 At-

239 377 349 434 que
383 358 472 414 his
514 356 1014 435 superstitionibus
1047 375 1166 412 non
1201 356 1479 414 dubitasti
1513 357 1686 414 etiam
1731 359 1929 415 omina

237 438 562 514 adiungere.
627 436 876 493 Aemilia
904 435 1108 493 Paullo
1137 436 1373 493 Persam
1402 437 1628 512 perisse,
1652 437 1809 513 quod
1829 457 1929 514 pa-

236 525 325 574 ter
366 536 537 574 omen
578 516 830 592 accepit:
875 516 1124 573 Caecilia
1164 516 1374 572 sororis
1408 515 1556 573 filiae
1601 517 1762 574 sedes
1794 536 1930 574 suas

236 597 477 654 tradere.
563 595 684 652 Iam
717 595 813 652 illa
843 596 876 622 “
896 596 1104 652 Favete
1132 595 1396 671 linguis’'
1433 597 1540 653 et‘
1547 596 1929 673 ‘praerogati-

237 696 367 733 vam
403 695 572 733 omen
606 675 1027 745 comitiorum,''
1058 675 1169 732 hoc
1204 682 1306 745 est,
1331 675 1519 766 ipsum
1563 695 1683 733 esse
1725 683 1930 733 contra

238 776 297 813 se
331 756 627 846 copiosum
664 763 722 812 et
756 754 1048 812 disertum.
1135 754 1381 823 Quando
1415 755 1569 812 enim
1604 754 1700 812 illa
1738 755 1930 813 obser-

238 855 376 892 vans
410 835 605 912 quieto
641 842 699 891 et
732 834 911 892 libero
950 835 1144 891 animo
1187 835 1572 911 essepoteriS,
1599 842 1664 892 ut
1696 836 1769 891 ad
1802 855 1928 892 rem

237 915 546 991 gerendam
588 933 704 970 non
748 915 1214 990 superstitionem
1247 913 1476 982 habeam,
1501 915 1601 971 sed
1642 915 1927 972 rationem

238 995 480 1052 ducem?
564 993 762 1051 Itane?
844 994 907 1051 Si
937 995 1065 1071 quis
1093 994 1312 1070 aliquid
1340 1014 1409 1052 ex
1438 1014 1540 1051 sua
1568 1014 1626 1051 re
1654 1002 1826 1072 atque
1856 1014 1928 1052 ex

239 1094 342 1131 suo
373 1092 632 1131 sermone
667 1073 874 1130 dixerit
903 1082 961 1131 et
990 1074 1112 1131 eius
1140 1074 1376 1130 verbum
1412 1074 1646 1151 aliquod
1674 1082 1807 1150 apte
1841 1094 1930 1132 ce-

239 1154 441 1211 ciderit
471 1153 544 1210 ad
574 1154 649 1223 id,
672 1154 829 1230 quod
857 1173 991 1229 ages
1025 1160 1126 1210 aut
1153 1153 1452 1230 cogitabiS,
1474 1173 1540 1211 ea
1573 1173 1661 1210 res
1688 1154 1798 1211 tibi
1826 1162 1931 1212 aut

238 1234 507 1291 timorem
536 1234 757 1290 adferet
784 1242 883 1290 aut
911 1233 1299 1291 alacritatem?
1363 1239 1455 1291 84.
1488 1233 1637 1291 Cum
1667 1233 1744 1292 M.
1766 1234 1930 1292 Cras-

241 1334 336 1370 sus
368 1314 680 1371 exercitum
713 1312 1009 1370 Brundisii
1038 1314 1378 1388 imponeret,
1401 1314 1634 1390 quidam
1664 1314 1724 1370 in
1753 1322 1929 1390 portu

241 1394 451 1452 caricas
472 1393 672 1450 Cauno
695 1393 958 1450 advectas
979 1394 1232 1451 vendens
1255 1394 1289 1420 “
1309 1393 1567 1451 Cauneas
1588 1392 1645 1451 1”
1676 1393 1931 1450 clamita-

239 1473 354 1531 bat.
439 1474 731 1544 Dicamus,
764 1473 813 1529 si
846 1473 1048 1550 placet,
1074 1474 1364 1530 monitum
1408 1473 1480 1530 ab
1525 1493 1595 1530 eo
1638 1473 1928 1545 Crassum,

241 1573 404 1610 cave
420 1560 527 1610 ret
559 1573 635 1610 ne
670 1554 831 1610 iret:
869 1572 984 1609 non
1006 1553 1186 1609 fuisse
1208 1553 1541 1629 periturum,
1560 1553 1608 1609 si
1630 1554 1811 1610 omini
1833 1573 1933 1630 pa-

241 1634 458 1690 ruisset.
554 1633 712 1702 Quae
762 1633 810 1689 si
851 1633 1244 1709 suscipiamuS,
1267 1633 1433 1708 pedis
1474 1633 1718 1690 offensio
1760 1633 1932 1690 nobis

241 1722 300 1772 et
332 1713 598 1791 abruptio
640 1713 916 1791 corrigiae
958 1721 1016 1772 et
1050 1721 1502 1771 sternutamenta
1542 1721 1708 1771 erunt
1743 1714 1932 1772 obser-

242 1794 441 1851 vanda.

321 1873 476 1930 XLI.
510 1872 704 1930 Sortes
733 1880 949 1931 restant
976 1880 1035 1930 et
1063 1873 1354 1944 Chaldaei,
1377 1880 1441 1930 ut
1469 1872 1543 1930 ad
1564 1879 1722 1931 vates
1743 1874 1932 1931 venia·

242 1973 371 2010 mus
413 1960 472 2009 et
511 1953 585 2009 ad
619 1954 855 2010 somnia.
945 1959 1035 2011 85.
1072 1953 1401 2010 Dicendum
1436 1953 1612 2029 igitur
1645 1960 1814 2029 putas
1858 1954 1931 2011 de

244 2032 508 2090 sortibus,
594 2032 748 2101 Quid
777 2034 929 2090 enim
961 2052 1081 2089 sors
1111 2035 1233 2090 est?
1316 2032 1477 2090 Idem
1508 2033 1930 2110 propemodum

246 2113 401 2190 quod
430 2113 654 2184 micare,
681 2113 837 2190 quod
865 2112 1011 2170 talos
1039 2114 1237 2174 iacere.
1259 2114 1416 2190 quod
1444 2121 1699 2184 tesseras,
1721 2113 1933 2190 quibus

245 2194 303 2250 in
340 2193 507 2250 rebus
539 2195 830 2251 temeritas
864 2201 922 2250 et
954 2212 1133 2264 casuS,
1159 2213 1274 2249 non
1310 2193 1455 2250 ratio
1489 2212 1594 2250 nec
1627 2193 1931 2250 consilium

248 2272 410 2330 valet.
480 2273 629 2330 Tota
656 2293 743 2330 res
772 2280 858 2330 est
879 2273 1111 2330 inventa
1131 2273 1373 2330 fallaciis
1400 2280 1499 2330 aut
1527 2273 1601 2329 ad
1630 2280 1932 2349 quaestum

246 2361 345 2410 aut
372 2353 447 2410 ad
475 2354 939 2430 superstitionem
970 2359 1070 2410 aut
1098 2353 1173 2409 ad
1200 2372 1461 2410 errorem.
1545 2352 1742 2429 Atque
1780 2361 1843 2410 ut
1871 2354 1933 2409 in

245 2433 609 2510 haruspicina
635 2433 894 2503 fecimUS,
919 2433 999 2490 sic
1028 2433 1323 2490 videamus
1351 2432 1787 2489 clarissimarum
1817 2452 1936 2489 sor-

247 2514 394 2571 tium
425 2533 568 2590 quae
596 2513 853 2571 tradatur
879 2513 1152 2570 inventio,
1239 2512 1579 2569 Numerium
1608 2512 1934 2570 Suffucium

248 2593 749 2651 Praenestinorum
777 2600 1156 2650 monumenta
1177 2592 1482 2663 declarant,
1502 2592 1808 2649 honestum
1831 2592 1936 2649 ho-

247 2674 461 2730 minem
498 2681 555 2731 et
584 2673 859 2743 nobilem,
879 2673 1118 2729 somniis
1153 2672 1381 2744 crebriS,
1404 2673 1477 2729 ad
1506 2680 1823 2729 extremum
1854 2679 1934 2729 et-

248 2753 361 2809 iam
404 2753 890 2822 minacib11S,cum
934 2752 1225 2809 iuberetur
1263 2759 1419 2809 certo
1448 2753 1505 2809 in
1545 2752 1671 2808 loco
1714 2752 1931 2808 silicem

248 2832 495 2903 caedere,
516 2834 879 2924 perterritum
908 2832 1043 2888 visis
1071 2832 1442 2889 irridentibus
1475 2832 1592 2889 suis
1625 2831 1844 2889 civibus
1872 2832 1936 2889 id

248 2930 414 2986 agere
442 2912 727 2987 coepisse.
772 2913 963 2988 itaque
993 2912 1279 3003 perfracto
1309 2931 1443 2968 saxo
1474 2919 1653 2969 sortes
1681 2911 1935 2989 erupisse

249 2990 309 3044 in
343 2988 546 3045 robore
580 2990 892 3065 insculptas
924 2992 1235 3065 priscarum
1266 2990 1583 3048 litterarum
1619 2992 1818 3050 notis,
1875 2992 1936 3048 Is

250 3074 336 3123 est
364 3066 537 3123 hodie
572 3067 729 3123 locus
758 3077 985 3143 saeptus
1014 3070 1277 3145 religiose
1305 3079 1541 3148 propter
1571 3070 1725 3128 Iovis
1751 3072 1932 3148 pueri,

251 3145 352 3220 qui
379 3144 593 3201 lactens
627 3165 757 3201 cum
793 3145 1013 3204 Iunone
1043 3148 1375 3206 Fortunae
1361 3170 1419 3206 1n
1454 3151 1676 3225 gremio
1712 3152 1933 3224 sedenS,
