2205 3431
252 135 349 181 260
921 134 1018 182 DE
1052 133 1254 183 FATO.

251 254 351 291 cur
383 234 466 290 ita
499 234 792 304 accideret,
819 235 934 305 sed,
962 236 1119 311 quod
1153 236 1233 292 ita
1267 235 1294 311 †
1325 238 1635 308 accidisset,
1661 247 1812 297 certe
1846 261 1934 298 ca-

250 333 463 385 surum,
504 315 651 371 sicut
695 315 917 384 cecidit,
955 316 1085 372 fuit.
1186 314 1446 374 20.‘Nec
1491 318 1549 387 ii,
1590 319 1687 394 qui
1730 319 1933 378 dicunt

249 394 631 451 immutabilia
668 414 787 451 esse
831 413 974 471 quae
1007 395 1203 452 futura
1246 396 1361 452 sint
1394 416 1498 453 nec
1533 417 1699 473 posse
1733 407 1931 457 verum

248 475 509 531 futurum
539 482 863 531 convertere
892 475 951 530 in
982 475 1208 544 falsum,
1232 476 1340 532 fati
1369 477 1763 535 necessitatem
1799 499 1933 536 con-

247 553 494 625 firmant,
531 555 628 610 sed
664 553 967 611 verborum
1002 555 1120 611 vim
1158 555 1617 632 interpretantur.
1704 558 1789 616 At
1830 561 1930 636 qui

247 633 621 690 introducunt
653 652 946 690 causarum
990 635 1190 690 seriem
1235 635 1653 711 sempiternam,
1689 638 1733 695 ii
1773 658 1932 696 men-

245 721 365 770 tem
407 712 658 770 hominis
698 712 990 770 voluntate
1031 713 1209 771 libera
1251 715 1550 791 spoliatam
1594 719 1930 776 necessitate

245 793 355 849 fati
383 792 727 850 devinciunt.

325 873 401 930 X.
461 872 574 929 Sed
630 872 767 929 haec
820 873 1111 931 hactenus
1198 874 1332 931 Alia
1379 875 1687 934 videamus,
1779 877 1930 933 Con-

245 952 428 1009 cludit
472 953 622 1009 cnim
671 952 1028 1029 Chrysippus
1072 953 1183 1011 hoc
1226 955 1436 1012 modo:
1498 956 1559 1012 Si
1606 963 1692 1013 est
1734 964 1930 1014 motus

245 1033 368 1088 sine
409 1051 591 1104 causa,
627 1052 743 1088 non
779 1035 966 1089 omnis
1007 1035 1344 1103 enuntiatiO,
1378 1035 1532 1110 quod
1564 1037 1779 1112 ἀξίωμα
1813 1037 1930 1093 dia-

246 1113 433 1169 lectici
482 1111 785 1188 appellant,
830 1122 930 1169 aut
976 1133 1109 1170 vera
1156 1121 1255 1171 aut
1301 1115 1445 1171 falsa
1493 1116 1614 1173 erit.
1714 1116 1929 1174 Causas

245 1194 398 1248 enim
436 1192 742 1249 efficientes
771 1193 927 1269 quod
955 1213 1070 1250 non
1099 1193 1350 1264 habebit,
1375 1195 1437 1251 id
1465 1214 1568 1251 nec
1596 1214 1792 1252 verum
1821 1215 1927 1253 nec

246 1272 454 1328 falsum
489 1272 612 1328 erit.
698 1271 902 1330 Omnis
936 1280 1126 1330 autem
1171 1274 1489 1331 enuntiatio
1525 1282 1623 1332 aut
1655 1295 1788 1332 vera
1827 1283 1929 1333 aut

245 1352 391 1408 falsa
434 1359 533 1408 est.
619 1351 812 1408 Motus
857 1372 993 1428 ergo
1039 1354 1159 1410 sine
1202 1373 1370 1410 causa
1409 1353 1600 1410 nullus
1641 1361 1743 1413 est.
1829 1362 1923 1412 21.

247 1431 418 1498 Quod
451 1432 498 1488 si
526 1432 608 1488 ita
639 1438 742 1503 est,
775 1434 983 1503 omnia,
1016 1452 1159 1509 quae
1194 1432 1355 1501 fiunt,
1380 1434 1562 1490 causis
1595 1433 1743 1491 fiunt
1775 1442 1929 1492 ante·

245 1512 466 1585 gressis,
551 1510 622 1568 Id
666 1512 712 1568 si
756 1512 839 1569 ita
880 1519 983 1584 est,
1020 1514 1214 1569 omnia
1256 1514 1381 1569 fato
1423 1513 1583 1571 fiunt.
1668 1514 1930 1571 Efficitur

246 1592 423 1666 igitur
450 1592 573 1648 fato
602 1590 722 1648 fieri
753 1611 1141 1669 quaecumque
1171 1592 1324 1649 fiant.
1398 1592 1513 1649 Hic
1540 1594 1792 1669 primum
1825 1589 1924 1671 [si]

246 1671 389 1728 mihi
413 1670 585 1728 libeat
612 1671 882 1729 adsentiri
905 1672 1152 1749 Epicuro
1182 1680 1240 1730 et
1262 1692 1466 1749 negare
1495 1692 1724 1731 omnem
1754 1693 1929 1731 enun-

245 1753 545 1808 tiationem
591 1759 690 1808 aut
732 1772 920 1809 veram
967 1772 1086 1809 esse
1132 1760 1232 1810 aut
1274 1753 1493 1822 falsam,
1531 1773 1654 1809 eam
1697 1754 1927 1830 plagam

246 1834 441 1908 potius
483 1833 753 1908 accipiam
792 1852 962 1909 quam
995 1833 1121 1889 fato
1155 1834 1348 1889 omnia
1380 1832 1502 1889 fieri
1536 1834 1923 1909 comprobem.

248 1911 353 1967 Illa
386 1912 537 1969 enim
574 1913 855 1968 sententia
888 1913 1104 1988 aliquid
1131 1912 1305 1970 habet
1333 1912 1755 1989 disputationiS,
1786 1912 1927 1971 haec

248 2010 380 2047 vero
428 2010 543 2046 non
595 1998 680 2047 est
727 1991 1052 2050 tolerabilis,
1139 1991 1341 2069 Itaque
1386 1992 1684 2048 contendit
1728 2012 1927 2049 omnes

246 2090 450 2127 nervos
483 2070 856 2147 ChrysippuS,
886 2079 952 2128 ut
984 2072 1322 2148 persuadeat
1364 2090 1532 2127 omne
1574 2072 1786 2147 ἀξίωμα
1828 2084 1928 2129 aut

247 2170 443 2208 verum
477 2170 598 2208 6886
632 2159 730 2208 aut
762 2151 988 2208 falsum.
1072 2151 1162 2209 Ut
1202 2152 1353 2208 enim
1390 2150 1671 2227 Epicurus
1703 2160 1929 2210 veretur

246 2250 335 2302 116,
382 2232 430 2288 si
476 2230 587 2287 hoc
636 2232 991 2302 concesserit,
1033 2230 1462 2288 concedendum
1512 2231 1587 2287 sit
1635 2231 1759 2288 fato
1804 2231 1928 2289 fieri

249 2330 638 2387 quaecumque
666 2309 934 2366 fiant—si
969 2311 1122 2367 enim
1156 2310 1394 2367 alterum
1430 2316 1626 2366 utrum
1655 2330 1724 2367 ex
1753 2319 1929 2368 aeter-

246 2392 428 2448 nitate
455 2410 652 2448 verum
686 2391 777 2460 sit,
803 2409 922 2447 6886
950 2390 1010 2446 id
1040 2391 1211 2448 etiam
1247 2397 1479 2459 certum,
1506 2397 1579 2459 et,
1611 2391 1659 2446 si
1688 2398 1924 2462 certum,

247 2472 421 2527 etiam
450 2470 857 2528 necessarium:
894 2471 975 2526 ita
1002 2477 1060 2526 et
1081 2470 1470 2527 necessitatem
1503 2477 1560 2526 ct
1580 2470 1766 2527 fatum
1796 2489 1929 2527 con-

247 2550 457 2607 firmari
487 2550 814 2627 putat—sic
847 2549 1205 2627 Chrysippus
1238 2550 1444 2606 metuit
1478 2569 1564 2619 ne,
1598 2550 1644 2605 si
1678 2569 1794 2606 non
1831 2550 1929 2607 ob-

247 2631 502 2701 tinuerit,
533 2649 718 2700 omne,
750 2630 905 2706 quod
938 2630 1281 2700 enuntietur,
1311 2636 1410 2685 aut
1444 2648 1637 2685 verum
1673 2648 1793 2686 esse
1828 2639 1928 2687 aut

248 2710 473 2779 falsum,
494 2729 610 2766 non
632 2717 824 2766 teneat
852 2709 1044 2765 omnia
1064 2710 1188 2766 fato
1216 2709 1338 2765 fieri
1367 2715 1425 2765 et
1446 2728 1513 2765 ex
1543 2709 1725 2765 causis
1751 2716 1929 2766 aeter-

248 2790 336 2844 nis
365 2809 552 2846 rerum
574 2790 910 2846 futurarum.
978 2795 1069 2845 22.
1109 2789 1218 2845 Sed
1244 2788 1523 2865 Epicurus
1545 2788 1927 2848 declinatione

247 2869 427 2924 atomi
461 2869 627 2924 vitari
659 2869 767 2924 fati
800 2869 1193 2925 necessitatem
1223 2876 1403 2944 putat.
1490 2868 1690 2944 Itaque
1724 2870 1928 2926 tertius

249 2946 482 3020 quidam
523 2954 716 3002 motus
758 2947 939 3002 oritur
972 2956 1130 3004 extra
1162 2948 1389 3023 pondus
1422 2954 1479 3004 et
1510 2948 1756 3024 plagam,
1794 2969 1927 3007 culn

248 3022 495 3080 declinat
516 3031 740 3081 atomus
767 3025 1063 3082 intervallo
1085 3028 1326 3084 minimo
1348 3046 1360 3084 :
1398 3028 1457 3083 id
1480 3028 1728 3104 appellat
1749 3028 1925 3106 ἐλάχ-

248 3121 432 3156 ιστον;
471 3121 640 3177 quam
670 3102 1108 3161 declinationem
1144 3108 1264 3163 sine
1298 3126 1465 3163 causa
1498 3109 1619 3165 fieri
1653 3109 1701 3165 si
1734 3110 1928 3167 minus

248 3178 447 3249 vei-bie,
471 3199 530 3237 re
551 3180 776 3251 cogitur
796 3181 1068 3241 confiteri.
1135 3185 1268 3244 Non
1292 3188 1445 3244 enim
1468 3194 1693 3246 atomus
1714 3189 1785 3247 ab
1809 3197 1929 3248 ato-
