<?xml version="1.0" encoding="UTF-8"?>
<!DOCTYPE html PUBLIC "-//W3C//DTD XHTML 1.0 Transitional//EN"
    "http://www.w3.org/TR/xhtml1/DTD/xhtml1-transitional.dtd">
<html xmlns="http://www.w3.org/1999/xhtml" xml:lang="en" lang="en">
 <head>
  <title>
</title>
<meta http-equiv="Content-Type" content="text/html;charset=utf-8" />
  <meta name='ocr-system' content='tesseract 3.04.00' />
  <meta name='ocr-capabilities' content='ocr_page ocr_carea ocr_par ocr_line ocrx_word'/>
</head>
<body>
  <div class='ocr_page' id='page_1' title='image "./defato00cicegoog_0250.png"; bbox 0 0 2205 3431; ppageno 0'>
   <div class='ocr_carea' id='block_1_1' title="bbox 248 138 1403 190">
    <p class='ocr_par' dir='ltr' id='par_1_1' title="bbox 248 138 1403 190">
     <span class='ocr_line' id='line_1_1' title="bbox 248 138 1403 190; baseline 0.002 -2"><span class='ocrx_word' id='word_1_1' title='bbox 248 141 346 188; x_wconf 77' lang='lat'>240</span> <span class='ocrx_word' id='word_1_2' title='bbox 768 139 868 188; x_wconf 87' lang='lat' dir='ltr'>DE</span> <span class='ocrx_word' id='word_1_3' title='bbox 900 138 1403 190; x_wconf 83' lang='lat' dir='ltr'>DIVINATIONE.</span> 
     </span>
    </p>
   </div>
   <div class='ocr_carea' id='block_1_2' title="bbox 244 239 1968 1839">
    <p class='ocr_par' dir='ltr' id='par_1_2' title="bbox 244 239 1968 1839">
     <span class='ocr_line' id='line_1_2' title="bbox 246 239 1930 318; baseline 0.001 -20"><span class='ocrx_word' id='word_1_4' title='bbox 246 260 313 298; x_wconf 88' lang='lat' dir='ltr'>ac</span> <span class='ocrx_word' id='word_1_5' title='bbox 340 241 592 298; x_wconf 89' lang='lat' dir='ltr'>tertium.</span> <span class='ocrx_word' id='word_1_6' title='bbox 677 240 835 297; x_wconf 91' lang='lat' dir='ltr'>Num</span> <span class='ocrx_word' id='word_1_7' title='bbox 862 241 1055 318; x_wconf 91' lang='lat' dir='ltr'>igitur,</span> <span class='ocrx_word' id='word_1_8' title='bbox 1076 246 1144 298; x_wconf 95' lang='lat' dir='ltr'>ut</span> <span class='ocrx_word' id='word_1_9' title='bbox 1164 241 1362 317; x_wconf 79' lang='lat' dir='ltr'>inepti,</span> <span class='ocrx_word' id='word_1_10' title='bbox 1380 241 1623 299; x_wconf 92' lang='lat' dir='ltr'>Veneris</span> <span class='ocrx_word' id='word_1_11' title='bbox 1644 241 1706 298; x_wconf 94' lang='lat' dir='ltr'>id</span> <span class='ocrx_word' id='word_1_12' title='bbox 1725 239 1930 318; x_wconf 82' lang='lat' dir='ltr'>impul·</span> 
     </span>
     <span class='ocr_line' id='line_1_3' title="bbox 248 319 1968 397; baseline 0.001 -21"><span class='ocrx_word' id='word_1_13' title='bbox 248 340 314 377; x_wconf 92' lang='lat' dir='ltr'>su</span> <span class='ocrx_word' id='word_1_14' title='bbox 342 319 464 377; x_wconf 87' lang='lat' dir='ltr'>fieri</span> <span class='ocrx_word' id='word_1_15' title='bbox 485 321 770 378; x_wconf 89' lang='lat' dir='ltr'>malumus</span> <span class='ocrx_word' id='word_1_16' title='bbox 800 340 971 397; x_wconf 87' lang='lat' dir='ltr'>quam</span> <span class='ocrx_word' id='word_1_17' title='bbox 1000 340 1134 377; x_wconf 90' lang='lat' dir='ltr'>casu</span> <span class='ocrx_word' id='word_1_18' title='bbox 1162 321 1385 378; x_wconf 69' lang='lat' dir='ltr'>dicere?</span> <span class='ocrx_word' id='word_1_19' title='bbox 1460 320 1632 388; x_wconf 82' lang='lat' dir='ltr'>Quod</span> <span class='ocrx_word' id='word_1_20' title='bbox 1654 321 1702 378; x_wconf 89' lang='lat' dir='ltr'>si</span> <span class='ocrx_word' id='word_1_21' title='bbox 1730 323 1930 378; x_wconf 80' lang='lat' dir='ltr'>ceteris</span> <span class='ocrx_word' id='word_1_22' title='bbox 1955 379 1968 395; x_wconf 61' lang='lat'><em>‚</em></span> 
     </span>
     <span class='ocr_line' id='line_1_4' title="bbox 246 400 1930 477; baseline 0.001 -21"><span class='ocrx_word' id='word_1_23' title='bbox 246 401 602 477; x_wconf 84' lang='lat' dir='ltr'><strong>temporibus</strong></span> <span class='ocrx_word' id='word_1_24' title='bbox 629 400 789 457; x_wconf 87' lang='lat' dir='ltr'>falsis</span> <span class='ocrx_word' id='word_1_25' title='bbox 819 401 951 457; x_wconf 87' lang='lat' dir='ltr'>visis</span> <span class='ocrx_word' id='word_1_26' title='bbox 979 401 1327 458; x_wconf 89' lang='lat' dir='ltr'>credendum</span> <span class='ocrx_word' id='word_1_27' title='bbox 1348 420 1466 457; x_wconf 90' lang='lat' dir='ltr'>non</span> <span class='ocrx_word' id='word_1_28' title='bbox 1494 408 1597 471; x_wconf 90' lang='lat' dir='ltr'>est,</span> <span class='ocrx_word' id='word_1_29' title='bbox 1621 420 1739 457; x_wconf 88' lang='lat' dir='ltr'>non</span> <span class='ocrx_word' id='word_1_30' title='bbox 1761 401 1930 458; x_wconf 86' lang='lat' dir='ltr'>video</span> 
     </span>
     <span class='ocr_line' id='line_1_5' title="bbox 247 479 1932 559; baseline 0.001 -22"><span class='ocrx_word' id='word_1_31' title='bbox 247 481 388 557; x_wconf 91' lang='lat' dir='ltr'>quid</span> <span class='ocrx_word' id='word_1_32' title='bbox 419 482 712 559; x_wconf 83' lang='lat' dir='ltr'>praecipui</span> <span class='ocrx_word' id='word_1_33' title='bbox 753 500 988 538; x_wconf 90' lang='lat' dir='ltr'>somnus</span> <span class='ocrx_word' id='word_1_34' title='bbox 1020 479 1245 550; x_wconf 89' lang='lat' dir='ltr'>habeat,</span> <span class='ocrx_word' id='word_1_35' title='bbox 1276 481 1336 536; x_wconf 90' lang='lat' dir='ltr'>in</span> <span class='ocrx_word' id='word_1_36' title='bbox 1373 499 1487 557; x_wconf 92' lang='lat' dir='ltr'>quo</span> <span class='ocrx_word' id='word_1_37' title='bbox 1528 480 1753 537; x_wconf 87' lang='lat' dir='ltr'>valeant</span> <span class='ocrx_word' id='word_1_38' title='bbox 1785 481 1932 538; x_wconf 83' lang='lat' dir='ltr'>falsa</span> 
     </span>
     <span class='ocr_line' id='line_1_6' title="bbox 245 560 1928 636; baseline -0.001 -19"><span class='ocrx_word' id='word_1_39' title='bbox 245 580 351 636; x_wconf 89' lang='lat' dir='ltr'>pro</span> <span class='ocrx_word' id='word_1_40' title='bbox 393 561 554 619; x_wconf 75' lang='lat' dir='ltr'>veris,</span> <span class='ocrx_word' id='word_1_41' title='bbox 644 567 774 618; x_wconf 79' lang='lat'>122.</span> <span class='ocrx_word' id='word_1_42' title='bbox 821 560 992 629; x_wconf 83' lang='lat' dir='ltr'>Quod</span> <span class='ocrx_word' id='word_1_43' title='bbox 1025 561 1073 617; x_wconf 89' lang='lat' dir='ltr'>si</span> <span class='ocrx_word' id='word_1_44' title='bbox 1106 561 1190 617; x_wconf 92' lang='lat' dir='ltr'>ita</span> <span class='ocrx_word' id='word_1_45' title='bbox 1222 568 1425 617; x_wconf 88' lang='lat' dir='ltr'>natura</span> <span class='ocrx_word' id='word_1_46' title='bbox 1455 568 1720 636; x_wconf 88' lang='lat' dir='ltr'>paratum</span> <span class='ocrx_word' id='word_1_47' title='bbox 1761 568 1928 630; x_wconf 88' lang='lat' dir='ltr'>esset,</span> 
     </span>
     <span class='ocr_line' id='line_1_7' title="bbox 246 640 1931 717; baseline 0 -20"><span class='ocrx_word' id='word_1_48' title='bbox 246 649 313 697; x_wconf 89' lang='lat' dir='ltr'>ut</span> <span class='ocrx_word' id='word_1_49' title='bbox 339 660 406 698; x_wconf 89' lang='lat' dir='ltr'>ea</span> <span class='ocrx_word' id='word_1_50' title='bbox 426 641 775 699; x_wconf 80' lang='lat' dir='ltr'>dormientes</span> <span class='ocrx_word' id='word_1_51' title='bbox 803 647 1052 717; x_wconf 78' lang='lat' dir='ltr'>agerent,</span> <span class='ocrx_word' id='word_1_52' title='bbox 1079 660 1224 717; x_wconf 91' lang='lat' dir='ltr'>quae</span> <span class='ocrx_word' id='word_1_53' title='bbox 1245 640 1610 712; x_wconf 82' lang='lat' dir='ltr'>somniarent,</span> <span class='ocrx_word' id='word_1_54' title='bbox 1635 640 1931 716; x_wconf 88' lang='lat' dir='ltr'>adligandi</span> 
     </span>
     <span class='ocr_line' id='line_1_8' title="bbox 246 720 1931 797; baseline 0 -21"><span class='ocrx_word' id='word_1_55' title='bbox 246 740 446 778; x_wconf 88' lang='lat' dir='ltr'>omnes</span> <span class='ocrx_word' id='word_1_56' title='bbox 468 728 655 779; x_wconf 83' lang='lat' dir='ltr'>essent</span> <span class='ocrx_word' id='word_1_57' title='bbox 676 721 775 797; x_wconf 90' lang='lat' dir='ltr'>qui</span> <span class='ocrx_word' id='word_1_58' title='bbox 798 720 1057 778; x_wconf 87' lang='lat' dir='ltr'>cubitum</span> <span class='ocrx_word' id='word_1_59' title='bbox 1078 721 1243 778; x_wconf 90' lang='lat' dir='ltr'>irent.</span> <span class='ocrx_word' id='word_1_60' title='bbox 1311 720 1557 778; x_wconf 85' lang='lat' dir='ltr'>Maiores</span> <span class='ocrx_word' id='word_1_61' title='bbox 1578 721 1731 777; x_wconf 90' lang='lat' dir='ltr'>enim</span> <span class='ocrx_word' id='word_1_62' title='bbox 1756 739 1931 796; x_wconf 90' lang='lat' dir='ltr'>quam</span> 
     </span>
     <span class='ocr_line' id='line_1_9' title="bbox 246 798 1933 868; baseline -0.001 -11"><span class='ocrx_word' id='word_1_63' title='bbox 246 800 348 857; x_wconf 89' lang='lat' dir='ltr'>ulli</span> <span class='ocrx_word' id='word_1_64' title='bbox 375 801 560 859; x_wconf 88' lang='lat' dir='ltr'>insani</span> <span class='ocrx_word' id='word_1_65' title='bbox 589 800 876 860; x_wconf 88' lang='lat' dir='ltr'>efficerent</span> <span class='ocrx_word' id='word_1_66' title='bbox 905 808 1097 858; x_wconf 91' lang='lat' dir='ltr'>motus</span> <span class='ocrx_word' id='word_1_67' title='bbox 1126 800 1491 857; x_wconf 79' lang='lat' dir='ltr'>somniantes,</span> <span class='ocrx_word' id='word_1_68' title='bbox 1578 798 1749 868; x_wconf 80' lang='lat' dir='ltr'>Quod</span> <span class='ocrx_word' id='word_1_69' title='bbox 1776 800 1823 856; x_wconf 91' lang='lat' dir='ltr'>si</span> <span class='ocrx_word' id='word_1_70' title='bbox 1846 801 1933 856; x_wconf 90' lang='lat' dir='ltr'>in-</span> 
     </span>
     <span class='ocr_line' id='line_1_10' title="bbox 244 880 1927 957; baseline 0.001 -20"><span class='ocrx_word' id='word_1_71' title='bbox 244 900 512 938; x_wconf 91' lang='lat' dir='ltr'>sanorum</span> <span class='ocrx_word' id='word_1_72' title='bbox 540 880 677 938; x_wconf 86' lang='lat' dir='ltr'>visis</span> <span class='ocrx_word' id='word_1_73' title='bbox 704 880 847 938; x_wconf 91' lang='lat' dir='ltr'>fides</span> <span class='ocrx_word' id='word_1_74' title='bbox 875 901 991 938; x_wconf 92' lang='lat' dir='ltr'>non</span> <span class='ocrx_word' id='word_1_75' title='bbox 1022 889 1108 939; x_wconf 91' lang='lat' dir='ltr'>est</span> <span class='ocrx_word' id='word_1_76' title='bbox 1136 880 1414 950; x_wconf 89' lang='lat' dir='ltr'>habenda,</span> <span class='ocrx_word' id='word_1_77' title='bbox 1442 880 1576 957; x_wconf 90' lang='lat' dir='ltr'>quia</span> <span class='ocrx_word' id='word_1_78' title='bbox 1601 880 1747 937; x_wconf 83' lang='lat' dir='ltr'>falsa</span> <span class='ocrx_word' id='word_1_79' title='bbox 1775 887 1927 952; x_wconf 87' lang='lat' dir='ltr'>sunt,</span> 
     </span>
     <span class='ocr_line' id='line_1_11' title="bbox 245 960 1931 1037; baseline 0.001 -20"><span class='ocrx_word' id='word_1_80' title='bbox 245 980 346 1017; x_wconf 89' lang='lat' dir='ltr'>cur</span> <span class='ocrx_word' id='word_1_81' title='bbox 393 960 655 1018; x_wconf 88' lang='lat' dir='ltr'>credatur</span> <span class='ocrx_word' id='word_1_82' title='bbox 699 962 1109 1018; x_wconf 89' lang='lat' dir='ltr'>somniantium</span> <span class='ocrx_word' id='word_1_83' title='bbox 1155 961 1307 1031; x_wconf 77' lang='lat' dir='ltr'>visiS,</span> <span class='ocrx_word' id='word_1_84' title='bbox 1339 980 1483 1037; x_wconf 91' lang='lat' dir='ltr'>quae</span> <span class='ocrx_word' id='word_1_85' title='bbox 1527 960 1712 1017; x_wconf 91' lang='lat' dir='ltr'>multo</span> <span class='ocrx_word' id='word_1_86' title='bbox 1754 960 1931 1018; x_wconf 89' lang='lat' dir='ltr'>etiam</span> 
     </span>
     <span class='ocr_line' id='line_1_12' title="bbox 246 1040 1933 1117; baseline 0.001 -20"><span class='ocrx_word' id='word_1_87' title='bbox 246 1041 664 1117; x_wconf 84' lang='lat' dir='ltr'>perturbatiora</span> <span class='ocrx_word' id='word_1_88' title='bbox 697 1049 846 1111; x_wconf 90' lang='lat' dir='ltr'>sunt,</span> <span class='ocrx_word' id='word_1_89' title='bbox 878 1061 996 1098; x_wconf 90' lang='lat' dir='ltr'>non</span> <span class='ocrx_word' id='word_1_90' title='bbox 1030 1041 1319 1117; x_wconf 85' lang='lat' dir='ltr'>intellegO.</span> <span class='ocrx_word' id='word_1_91' title='bbox 1404 1041 1503 1096; x_wconf 92' lang='lat' dir='ltr'>An</span> <span class='ocrx_word' id='word_1_92' title='bbox 1554 1040 1710 1117; x_wconf 90' lang='lat' dir='ltr'>quod</span> <span class='ocrx_word' id='word_1_93' title='bbox 1742 1041 1933 1098; x_wconf 87' lang='lat' dir='ltr'>insani</span> 
     </span>
     <span class='ocr_line' id='line_1_13' title="bbox 247 1120 1934 1197; baseline -0.001 -20"><span class='ocrx_word' id='word_1_94' title='bbox 247 1140 348 1177; x_wconf 86' lang='lat' dir='ltr'>sua</span> <span class='ocrx_word' id='word_1_95' title='bbox 378 1122 500 1178; x_wconf 89' lang='lat' dir='ltr'>visa</span> <span class='ocrx_word' id='word_1_96' title='bbox 532 1122 842 1178; x_wconf 89' lang='lat' dir='ltr'>coniectori</span> <span class='ocrx_word' id='word_1_97' title='bbox 869 1141 987 1178; x_wconf 92' lang='lat' dir='ltr'>non</span> <span class='ocrx_word' id='word_1_98' title='bbox 1022 1131 1268 1191; x_wconf 88' lang='lat' dir='ltr'>narrant,</span> <span class='ocrx_word' id='word_1_99' title='bbox 1293 1127 1525 1178; x_wconf 90' lang='lat' dir='ltr'>narrant</span> <span class='ocrx_word' id='word_1_100' title='bbox 1559 1120 1658 1197; x_wconf 91' lang='lat' dir='ltr'>qui</span> <span class='ocrx_word' id='word_1_101' title='bbox 1687 1121 1934 1177; x_wconf 90' lang='lat' dir='ltr'>somnia-</span> 
     </span>
     <span class='ocr_line' id='line_1_14' title="bbox 246 1199 1934 1276; baseline 0 -20"><span class='ocrx_word' id='word_1_102' title='bbox 246 1202 482 1259; x_wconf 66' lang='lat' dir='ltr'>verunt?</span> <span class='ocrx_word' id='word_1_103' title='bbox 556 1201 779 1269; x_wconf 82' lang='lat' dir='ltr'>Quaero</span> <span class='ocrx_word' id='word_1_104' title='bbox 808 1202 998 1273; x_wconf 89' lang='lat' dir='ltr'>etiam,</span> <span class='ocrx_word' id='word_1_105' title='bbox 1024 1202 1071 1258; x_wconf 88' lang='lat' dir='ltr'>si</span> <span class='ocrx_word' id='word_1_106' title='bbox 1098 1200 1267 1258; x_wconf 88' lang='lat' dir='ltr'>velim</span> <span class='ocrx_word' id='word_1_107' title='bbox 1302 1200 1551 1264; x_wconf 68' lang='lat' dir='ltr'>scribere⁴</span> <span class='ocrx_word' id='word_1_108' title='bbox 1575 1199 1715 1276; x_wconf 89' lang='lat' dir='ltr'>quid</span> <span class='ocrx_word' id='word_1_109' title='bbox 1736 1207 1837 1256; x_wconf 91' lang='lat' dir='ltr'>aut</span> <span class='ocrx_word' id='word_1_110' title='bbox 1856 1200 1934 1257; x_wconf 89' lang='lat' dir='ltr'>le-</span> 
     </span>
     <span class='ocr_line' id='line_1_15' title="bbox 245 1278 1933 1357; baseline -0.001 -19"><span class='ocrx_word' id='word_1_111' title='bbox 245 1300 378 1357; x_wconf 83' lang='lat' dir='ltr'>gere</span> <span class='ocrx_word' id='word_1_112' title='bbox 407 1288 506 1339; x_wconf 87' lang='lat' dir='ltr'>aut</span> <span class='ocrx_word' id='word_1_113' title='bbox 533 1301 731 1340; x_wconf 86' lang='lat' dir='ltr'>canere</span> <span class='ocrx_word' id='word_1_114' title='bbox 759 1282 847 1338; x_wconf 90' lang='lat' dir='ltr'>vel</span> <span class='ocrx_word' id='word_1_115' title='bbox 877 1278 1013 1339; x_wconf 73' lang='lat' dir='ltr'>voce</span> <span class='ocrx_word' id='word_1_116' title='bbox 1040 1282 1130 1339; x_wconf 89' lang='lat' dir='ltr'>vel</span> <span class='ocrx_word' id='word_1_117' title='bbox 1151 1280 1361 1337; x_wconf 90' lang='lat' dir='ltr'>fidibus</span> <span class='ocrx_word' id='word_1_118' title='bbox 1390 1289 1489 1337; x_wconf 88' lang='lat' dir='ltr'>aut</span> <span class='ocrx_word' id='word_1_119' title='bbox 1515 1280 1933 1357; x_wconf 87' lang='lat' dir='ltr'>geometricum</span> 
     </span>
     <span class='ocr_line' id='line_1_16' title="bbox 248 1360 1929 1438; baseline 0 -20"><span class='ocrx_word' id='word_1_120' title='bbox 248 1361 521 1437; x_wconf 89' lang='lat' dir='ltr'>quiddam</span> <span class='ocrx_word' id='word_1_121' title='bbox 571 1369 670 1419; x_wconf 91' lang='lat' dir='ltr'>aut</span> <span class='ocrx_word' id='word_1_122' title='bbox 716 1362 1020 1438; x_wconf 92' lang='lat' dir='ltr'>physicum</span> <span class='ocrx_word' id='word_1_123' title='bbox 1070 1369 1171 1418; x_wconf 85' lang='lat' dir='ltr'>aut</span> <span class='ocrx_word' id='word_1_124' title='bbox 1219 1360 1580 1418; x_wconf 86' lang='lat' dir='ltr'>dialecticum</span> <span class='ocrx_word' id='word_1_125' title='bbox 1629 1360 1929 1437; x_wconf 87' lang='lat' dir='ltr'>explicare,</span> 
     </span>
     <span class='ocr_line' id='line_1_17' title="bbox 247 1439 1932 1518; baseline -0.001 -21"><span class='ocrx_word' id='word_1_126' title='bbox 247 1443 609 1499; x_wconf 89' lang='lat' dir='ltr'>somniumne</span> <span class='ocrx_word' id='word_1_127' title='bbox 642 1442 1088 1518; x_wconf 84' lang='lat' dir='ltr'>exspectandum</span> <span class='ocrx_word' id='word_1_128' title='bbox 1119 1442 1194 1498; x_wconf 91' lang='lat' dir='ltr'>sit</span> <span class='ocrx_word' id='word_1_129' title='bbox 1222 1461 1293 1497; x_wconf 86' lang='lat' dir='ltr'>an</span> <span class='ocrx_word' id='word_1_130' title='bbox 1323 1460 1412 1497; x_wconf 87' lang='lat' dir='ltr'>ars</span> <span class='ocrx_word' id='word_1_131' title='bbox 1441 1439 1782 1511; x_wconf 86' lang='lat' dir='ltr'>adhibenda,</span> <span class='ocrx_word' id='word_1_132' title='bbox 1808 1441 1932 1497; x_wconf 86' lang='lat' dir='ltr'>sinc</span> 
     </span>
     <span class='ocr_line' id='line_1_18' title="bbox 248 1520 1933 1597; baseline 0.001 -20"><span class='ocrx_word' id='word_1_133' title='bbox 248 1540 361 1596; x_wconf 91' lang='lat' dir='ltr'>qua</span> <span class='ocrx_word' id='word_1_134' title='bbox 387 1521 529 1578; x_wconf 88' lang='lat' dir='ltr'>nihil</span> <span class='ocrx_word' id='word_1_135' title='bbox 560 1541 753 1579; x_wconf 89' lang='lat' dir='ltr'>earum</span> <span class='ocrx_word' id='word_1_136' title='bbox 780 1541 968 1579; x_wconf 89' lang='lat' dir='ltr'>rerum</span> <span class='ocrx_word' id='word_1_137' title='bbox 997 1540 1100 1578; x_wconf 92' lang='lat' dir='ltr'>nec</span> <span class='ocrx_word' id='word_1_138' title='bbox 1129 1520 1251 1578; x_wconf 89' lang='lat' dir='ltr'>fieri</span> <span class='ocrx_word' id='word_1_139' title='bbox 1279 1540 1383 1578; x_wconf 89' lang='lat' dir='ltr'>nec</span> <span class='ocrx_word' id='word_1_140' title='bbox 1417 1520 1673 1597; x_wconf 87' lang='lat' dir='ltr'>expediri</span> <span class='ocrx_word' id='word_1_141' title='bbox 1700 1522 1933 1597; x_wconf 67' lang='lat' dir='ltr'>potest?</span> 
     </span>
     <span class='ocr_line' id='line_1_19' title="bbox 247 1600 1929 1679; baseline -0.001 -21"><span class='ocrx_word' id='word_1_142' title='bbox 247 1602 447 1678; x_wconf 91' lang='lat' dir='ltr'>Atqui,</span> <span class='ocrx_word' id='word_1_143' title='bbox 471 1621 543 1658; x_wconf 89' lang='lat' dir='ltr'>ne</span> <span class='ocrx_word' id='word_1_144' title='bbox 573 1603 621 1658; x_wconf 90' lang='lat' dir='ltr'>si</span> <span class='ocrx_word' id='word_1_145' title='bbox 650 1602 914 1679; x_wconf 87' lang='lat' dir='ltr'>navigare</span> <span class='ocrx_word' id='word_1_146' title='bbox 949 1601 1182 1678; x_wconf 89' lang='lat' dir='ltr'>quidem</span> <span class='ocrx_word' id='word_1_147' title='bbox 1210 1601 1399 1671; x_wconf 90' lang='lat' dir='ltr'>velim,</span> <span class='ocrx_word' id='word_1_148' title='bbox 1424 1601 1506 1656; x_wconf 90' lang='lat' dir='ltr'>ita</span> <span class='ocrx_word' id='word_1_149' title='bbox 1532 1600 1929 1676; x_wconf 83' lang='lat' dir='ltr'>gubernarem,</span> 
     </span>
     <span class='ocr_line' id='line_1_20' title="bbox 247 1680 1927 1757; baseline 0 -19"><span class='ocrx_word' id='word_1_150' title='bbox 247 1688 314 1738; x_wconf 88' lang='lat' dir='ltr'>ut</span> <span class='ocrx_word' id='word_1_151' title='bbox 357 1683 772 1740; x_wconf 87' lang='lat' dir='ltr'>somniaverim.</span> <span class='ocrx_word' id='word_1_152' title='bbox 857 1682 1134 1739; x_wconf 87' lang='lat' dir='ltr'>Praesens</span> <span class='ocrx_word' id='word_1_153' title='bbox 1183 1681 1334 1738; x_wconf 89' lang='lat' dir='ltr'>enim</span> <span class='ocrx_word' id='word_1_154' title='bbox 1378 1699 1567 1757; x_wconf 90' lang='lat' dir='ltr'>poena</span> <span class='ocrx_word' id='word_1_155' title='bbox 1614 1680 1704 1738; x_wconf 91' lang='lat' dir='ltr'>sit.</span> <span class='ocrx_word' id='word_1_156' title='bbox 1793 1686 1927 1739; x_wconf 84' lang='lat'>123.</span> 
     </span>
     <span class='ocr_line' id='line_1_21' title="bbox 248 1760 1930 1839; baseline -0.001 -20"><span class='ocrx_word' id='word_1_157' title='bbox 248 1761 362 1830; x_wconf 79' lang='lat' dir='ltr'>Qui</span> <span class='ocrx_word' id='word_1_158' title='bbox 394 1763 572 1839; x_wconf 91' lang='lat' dir='ltr'>igitur</span> <span class='ocrx_word' id='word_1_159' title='bbox 611 1763 878 1820; x_wconf 89' lang='lat' dir='ltr'>convenit</span> <span class='ocrx_word' id='word_1_160' title='bbox 910 1782 1110 1839; x_wconf 89' lang='lat' dir='ltr'>aegros</span> <span class='ocrx_word' id='word_1_161' title='bbox 1143 1782 1177 1818; x_wconf 89' lang='lat' dir='ltr'>a</span> <span class='ocrx_word' id='word_1_162' title='bbox 1210 1761 1530 1818; x_wconf 91' lang='lat' dir='ltr'>coniectore</span> <span class='ocrx_word' id='word_1_163' title='bbox 1572 1760 1930 1818; x_wconf 88' lang='lat' dir='ltr'>somniorum</span> 
     </span>
    </p>
   </div>
   <div class='ocr_carea' id='block_1_3' title="bbox 248 1840 2016 1919">
    <p class='ocr_par' dir='ltr' id='par_1_3' title="bbox 248 1840 2016 1919">
     <span class='ocr_line' id='line_1_22' title="bbox 248 1840 2016 1919; baseline -0.001 -21"><span class='ocrx_word' id='word_1_164' title='bbox 248 1843 443 1918; x_wconf 90' lang='lat' dir='ltr'>potius</span> <span class='ocrx_word' id='word_1_165' title='bbox 477 1862 647 1918; x_wconf 92' lang='lat' dir='ltr'>quam</span> <span class='ocrx_word' id='word_1_166' title='bbox 682 1862 715 1899; x_wconf 93' lang='lat' dir='ltr'>a</span> <span class='ocrx_word' id='word_1_167' title='bbox 746 1842 970 1900; x_wconf 91' lang='lat' dir='ltr'>medico</span> <span class='ocrx_word' id='word_1_168' title='bbox 1005 1849 1199 1919; x_wconf 88' lang='lat' dir='ltr'>petere</span> <span class='ocrx_word' id='word_1_169' title='bbox 1231 1840 1610 1898; x_wconf 63' lang='lat' dir='ltr'>medicinam?</span> <span class='ocrx_word' id='word_1_170' title='bbox 1692 1841 1788 1896; x_wconf 92' lang='lat' dir='ltr'>An</span> <span class='ocrx_word' id='word_1_171' title='bbox 1818 1840 1933 1897; x_wconf 86' lang='lat' dir='ltr'>Ae-</span> <span class='ocrx_word' id='word_1_172' title='bbox 2013 1881 2016 1882; x_wconf 21' lang='grc' dir='ltr'><em>ν</em></span> 
     </span>
    </p>
   </div>
   <div class='ocr_carea' id='block_1_4' title="bbox 247 1921 1937 3274">
    <p class='ocr_par' dir='ltr' id='par_1_4' title="bbox 247 1921 1935 2618">
     <span class='ocr_line' id='line_1_23' title="bbox 249 1921 1934 1998; baseline 0.001 -21"><span class='ocrx_word' id='word_1_173' title='bbox 249 1921 533 1997; x_wconf 85' lang='lat' dir='ltr'>sculapius</span> <span class='ocrx_word' id='word_1_174' title='bbox 576 1941 648 1977; x_wconf 90' lang='lat' dir='ltr'>an</span> <span class='ocrx_word' id='word_1_175' title='bbox 693 1922 919 1997; x_wconf 83' lang='lat' dir='ltr'>Serapis</span> <span class='ocrx_word' id='word_1_176' title='bbox 963 1929 1157 1998; x_wconf 90' lang='lat' dir='ltr'>potest</span> <span class='ocrx_word' id='word_1_177' title='bbox 1201 1921 1367 1978; x_wconf 92' lang='lat' dir='ltr'>nobis</span> <span class='ocrx_word' id='word_1_178' title='bbox 1412 1921 1789 1996; x_wconf 87' lang='lat' dir='ltr'>praescribere</span> <span class='ocrx_word' id='word_1_179' title='bbox 1828 1940 1934 1997; x_wconf 89' lang='lat' dir='ltr'>per</span> 
     </span>
     <span class='ocr_line' id='line_1_24' title="bbox 249 2001 1934 2080; baseline 0.001 -24"><span class='ocrx_word' id='word_1_180' title='bbox 249 2002 537 2057; x_wconf 89' lang='lat' dir='ltr'>somnium</span> <span class='ocrx_word' id='word_1_181' title='bbox 583 2002 932 2080; x_wconf 86' lang='lat' dir='ltr'>curationem</span> <span class='ocrx_word' id='word_1_182' title='bbox 981 2001 1341 2070; x_wconf 81' lang='lat' dir='ltr'>valetudiniS,</span> <span class='ocrx_word' id='word_1_183' title='bbox 1378 2001 1685 2077; x_wconf 90' lang='lat' dir='ltr'>Neptunus</span> <span class='ocrx_word' id='word_1_184' title='bbox 1728 2001 1934 2077; x_wconf 89' lang='lat' dir='ltr'>guber-</span> 
     </span>
     <span class='ocr_line' id='line_1_25' title="bbox 249 2079 1934 2157; baseline 0.001 -21"><span class='ocrx_word' id='word_1_185' title='bbox 249 2079 518 2137; x_wconf 89' lang='lat' dir='ltr'>nantibus</span> <span class='ocrx_word' id='word_1_186' title='bbox 547 2100 662 2137; x_wconf 90' lang='lat' dir='ltr'>non</span> <span class='ocrx_word' id='word_1_187' title='bbox 693 2082 920 2157; x_wconf 64' lang='lat' dir='ltr'>potest?</span> <span class='ocrx_word' id='word_1_188' title='bbox 961 2089 1019 2138; x_wconf 93' lang='lat' dir='ltr'>et</span> <span class='ocrx_word' id='word_1_189' title='bbox 1046 2082 1169 2138; x_wconf 90' lang='lat' dir='ltr'>sine</span> <span class='ocrx_word' id='word_1_190' title='bbox 1196 2081 1423 2138; x_wconf 89' lang='lat' dir='ltr'>medico</span> <span class='ocrx_word' id='word_1_191' title='bbox 1453 2081 1799 2138; x_wconf 85' lang='lat' dir='ltr'>medicinam</span> <span class='ocrx_word' id='word_1_192' title='bbox 1835 2081 1934 2138; x_wconf 87' lang='lat' dir='ltr'>da-</span> 
     </span>
     <span class='ocr_line' id='line_1_26' title="bbox 248 2160 1934 2237; baseline 0 -20"><span class='ocrx_word' id='word_1_193' title='bbox 248 2160 337 2217; x_wconf 89' lang='lat' dir='ltr'>bit</span> <span class='ocrx_word' id='word_1_194' title='bbox 370 2160 640 2229; x_wconf 88' lang='lat' dir='ltr'>Minerva,</span> <span class='ocrx_word' id='word_1_195' title='bbox 667 2161 861 2217; x_wconf 87' lang='lat' dir='ltr'>Musae</span> <span class='ocrx_word' id='word_1_196' title='bbox 896 2161 1197 2232; x_wconf 89' lang='lat' dir='ltr'>scribendi,</span> <span class='ocrx_word' id='word_1_197' title='bbox 1222 2160 1468 2237; x_wconf 85' lang='lat' dir='ltr'>legendi,</span> <span class='ocrx_word' id='word_1_198' title='bbox 1499 2168 1813 2217; x_wconf 87' lang='lat' dir='ltr'>ceterarum</span> <span class='ocrx_word' id='word_1_199' title='bbox 1848 2180 1934 2217; x_wconf 89' lang='lat' dir='ltr'>ar-</span> 
     </span>
     <span class='ocr_line' id='line_1_27' title="bbox 247 2240 1933 2298; baseline 0.001 -1"><span class='ocrx_word' id='word_1_200' title='bbox 247 2242 395 2297; x_wconf 91' lang='lat' dir='ltr'>tium</span> <span class='ocrx_word' id='word_1_201' title='bbox 445 2241 739 2298; x_wconf 89' lang='lat' dir='ltr'>scientiam</span> <span class='ocrx_word' id='word_1_202' title='bbox 791 2241 1208 2298; x_wconf 85' lang='lat' dir='ltr'>somniantibus</span> <span class='ocrx_word' id='word_1_203' title='bbox 1248 2259 1366 2297; x_wconf 91' lang='lat' dir='ltr'>non</span> <span class='ocrx_word' id='word_1_204' title='bbox 1416 2240 1672 2298; x_wconf 64' lang='lat' dir='ltr'>dabunt?</span> <span class='ocrx_word' id='word_1_205' title='bbox 1750 2240 1838 2297; x_wconf 84' lang='lat' dir='ltr'>At</span> <span class='ocrx_word' id='word_1_206' title='bbox 1881 2242 1933 2298; x_wconf 90' lang='lat' dir='ltr'>si</span> 
     </span>
     <span class='ocr_line' id='line_1_28' title="bbox 249 2319 1929 2396; baseline -0.001 -19"><span class='ocrx_word' id='word_1_207' title='bbox 249 2321 467 2378; x_wconf 90' lang='lat' dir='ltr'>curatio</span> <span class='ocrx_word' id='word_1_208' title='bbox 510 2321 738 2377; x_wconf 87' lang='lat' dir='ltr'>daretur</span> <span class='ocrx_word' id='word_1_209' title='bbox 771 2320 1128 2391; x_wconf 78' lang='lat' dir='ltr'>valetudiniS,</span> <span class='ocrx_word' id='word_1_210' title='bbox 1158 2319 1298 2377; x_wconf 90' lang='lat' dir='ltr'>haec</span> <span class='ocrx_word' id='word_1_211' title='bbox 1334 2339 1578 2396; x_wconf 92' lang='lat' dir='ltr'>quoque,</span> <span class='ocrx_word' id='word_1_212' title='bbox 1611 2339 1755 2396; x_wconf 90' lang='lat' dir='ltr'>quae</span> <span class='ocrx_word' id='word_1_213' title='bbox 1788 2320 1929 2391; x_wconf 87' lang='lat' dir='ltr'>dixi,</span> 
     </span>
     <span class='ocr_line' id='line_1_29' title="bbox 249 2399 1932 2477; baseline -0.001 -19"><span class='ocrx_word' id='word_1_214' title='bbox 249 2400 534 2458; x_wconf 88' lang='lat' dir='ltr'>darentur.</span> <span class='ocrx_word' id='word_1_215' title='bbox 621 2399 778 2468; x_wconf 83' lang='lat' dir='ltr'>Quae</span> <span class='ocrx_word' id='word_1_216' title='bbox 808 2401 1079 2477; x_wconf 88' lang='lat' dir='ltr'>quoniam</span> <span class='ocrx_word' id='word_1_217' title='bbox 1109 2420 1226 2457; x_wconf 91' lang='lat' dir='ltr'>non</span> <span class='ocrx_word' id='word_1_218' title='bbox 1255 2400 1481 2470; x_wconf 90' lang='lat' dir='ltr'>dantur,</span> <span class='ocrx_word' id='word_1_219' title='bbox 1504 2400 1790 2457; x_wconf 86' lang='lat' dir='ltr'>medicina</span> <span class='ocrx_word' id='word_1_220' title='bbox 1815 2420 1932 2457; x_wconf 89' lang='lat' dir='ltr'>nou</span> 
     </span>
     <span class='ocr_line' id='line_1_30' title="bbox 248 2479 1935 2549; baseline 0.001 -13"><span class='ocrx_word' id='word_1_221' title='bbox 248 2481 431 2538; x_wconf 86' lang='lat' dir='ltr'>datur.</span> <span class='ocrx_word' id='word_1_222' title='bbox 518 2480 644 2549; x_wconf 80' lang='lat' dir='ltr'>Qua</span> <span class='ocrx_word' id='word_1_223' title='bbox 673 2479 893 2537; x_wconf 88' lang='lat' dir='ltr'>sublata</span> <span class='ocrx_word' id='word_1_224' title='bbox 920 2480 1142 2537; x_wconf 89' lang='lat' dir='ltr'>tollitur</span> <span class='ocrx_word' id='word_1_225' title='bbox 1170 2480 1357 2537; x_wconf 92' lang='lat' dir='ltr'>omnis</span> <span class='ocrx_word' id='word_1_226' title='bbox 1386 2480 1693 2537; x_wconf 89' lang='lat' dir='ltr'>auctoritas</span> <span class='ocrx_word' id='word_1_227' title='bbox 1722 2482 1935 2537; x_wconf 86' lang='lat' dir='ltr'>somni-</span> 
     </span>
     <span class='ocr_line' id='line_1_31' title="bbox 249 2580 430 2618; baseline 0.006 -1"><span class='ocrx_word' id='word_1_228' title='bbox 249 2580 430 2618; x_wconf 92' lang='lat' dir='ltr'>orum.</span> 
     </span>
    </p>

    <p class='ocr_par' dir='ltr' id='par_1_5' title="bbox 247 2638 1937 3274">
     <span class='ocr_line' id='line_1_32' title="bbox 328 2638 1932 2716; baseline 0 -19"><span class='ocrx_word' id='word_1_229' title='bbox 328 2640 451 2698; x_wconf 86' lang='lat' dir='ltr'>LX.</span> <span class='ocrx_word' id='word_1_230' title='bbox 541 2644 672 2697; x_wconf 79' lang='lat'>124.</span> <span class='ocrx_word' id='word_1_231' title='bbox 718 2638 832 2697; x_wconf 89' lang='lat' dir='ltr'>Sed</span> <span class='ocrx_word' id='word_1_232' title='bbox 858 2639 998 2697; x_wconf 89' lang='lat' dir='ltr'>haec</span> <span class='ocrx_word' id='word_1_233' title='bbox 1033 2658 1259 2716; x_wconf 87' lang='lat' dir='ltr'>quoque</span> <span class='ocrx_word' id='word_1_234' title='bbox 1289 2638 1347 2694; x_wconf 91' lang='lat' dir='ltr'>in</span> <span class='ocrx_word' id='word_1_235' title='bbox 1376 2646 1651 2716; x_wconf 90' lang='lat' dir='ltr'>promptu</span> <span class='ocrx_word' id='word_1_236' title='bbox 1678 2639 1932 2697; x_wconf 84' lang='lat' dir='ltr'>fuerint:</span> 
     </span>
     <span class='ocr_line' id='line_1_33' title="bbox 247 2719 1937 2795; baseline 0 -19"><span class='ocrx_word' id='word_1_237' title='bbox 247 2739 400 2777; x_wconf 91' lang='lat' dir='ltr'>nunc</span> <span class='ocrx_word' id='word_1_238' title='bbox 429 2721 701 2778; x_wconf 88' lang='lat' dir='ltr'>interiora</span> <span class='ocrx_word' id='word_1_239' title='bbox 734 2720 1040 2777; x_wconf 71' lang='lat' dir='ltr'>videamus</span> <span class='ocrx_word' id='word_1_240' title='bbox 1118 2720 1242 2776; x_wconf 92' lang='lat' dir='ltr'>Aut</span> <span class='ocrx_word' id='word_1_241' title='bbox 1265 2719 1418 2775; x_wconf 89' lang='lat' dir='ltr'>enim</span> <span class='ocrx_word' id='word_1_242' title='bbox 1443 2719 1638 2775; x_wconf 88' lang='lat' dir='ltr'>divina</span> <span class='ocrx_word' id='word_1_243' title='bbox 1658 2719 1743 2775; x_wconf 86' lang='lat' dir='ltr'>vis</span> <span class='ocrx_word' id='word_1_244' title='bbox 1766 2738 1937 2795; x_wconf 91' lang='lat' dir='ltr'>quae-</span> 
     </span>
     <span class='ocr_line' id='line_1_34' title="bbox 249 2798 1937 2874; baseline 0 -18"><span class='ocrx_word' id='word_1_245' title='bbox 249 2799 382 2856; x_wconf 90' lang='lat' dir='ltr'>dam</span> <span class='ocrx_word' id='word_1_246' title='bbox 413 2799 711 2857; x_wconf 88' lang='lat' dir='ltr'>consulens</span> <span class='ocrx_word' id='word_1_247' title='bbox 739 2799 905 2856; x_wconf 89' lang='lat' dir='ltr'>nobis</span> <span class='ocrx_word' id='word_1_248' title='bbox 935 2799 1287 2856; x_wconf 88' lang='lat' dir='ltr'>somniorum</span> <span class='ocrx_word' id='word_1_249' title='bbox 1318 2798 1761 2874; x_wconf 87' lang='lat' dir='ltr'>significationes</span> <span class='ocrx_word' id='word_1_250' title='bbox 1789 2799 1937 2856; x_wconf 84' lang='lat' dir='ltr'>facit</span> 
     </span>
     <span class='ocr_line' id='line_1_35' title="bbox 249 2879 1937 2955; baseline 0.001 -21"><span class='ocrx_word' id='word_1_251' title='bbox 249 2886 350 2934; x_wconf 88' lang='lat' dir='ltr'>aut</span> <span class='ocrx_word' id='word_1_252' title='bbox 383 2880 732 2935; x_wconf 87' lang='lat' dir='ltr'>coniectores</span> <span class='ocrx_word' id='word_1_253' title='bbox 765 2898 834 2935; x_wconf 84' lang='lat' dir='ltr'>ex</span> <span class='ocrx_word' id='word_1_254' title='bbox 869 2880 1114 2955; x_wconf 89' lang='lat' dir='ltr'>quadam</span> <span class='ocrx_word' id='word_1_255' title='bbox 1149 2879 1546 2936; x_wconf 89' lang='lat' dir='ltr'>convenientia</span> <span class='ocrx_word' id='word_1_256' title='bbox 1578 2886 1638 2936; x_wconf 90' lang='lat' dir='ltr'>et</span> <span class='ocrx_word' id='word_1_257' title='bbox 1665 2879 1937 2936; x_wconf 89' lang='lat' dir='ltr'>coniunc-</span> 
     </span>
     <span class='ocr_line' id='line_1_36' title="bbox 250 2958 1936 3036; baseline 0.002 -24"><span class='ocrx_word' id='word_1_258' title='bbox 250 2958 408 3013; x_wconf 86' lang='lat' dir='ltr'>tione</span> <span class='ocrx_word' id='word_1_259' title='bbox 442 2963 693 3027; x_wconf 89' lang='lat' dir='ltr'>naturae,</span> <span class='ocrx_word' id='word_1_260' title='bbox 719 2977 888 3033; x_wconf 91' lang='lat' dir='ltr'>quam</span> <span class='ocrx_word' id='word_1_261' title='bbox 923 2966 1132 3016; x_wconf 87' lang='lat' dir='ltr'>vocant</span> <span class='ocrx_word' id='word_1_262' title='bbox 1160 2958 1525 3033; x_wconf 80' lang='grc' dir='ltr'><em>συμπάθειαν,</em></span> <span class='ocrx_word' id='word_1_263' title='bbox 1552 2958 1692 3036; x_wconf 93' lang='lat' dir='ltr'>quid</span> <span class='ocrx_word' id='word_1_264' title='bbox 1725 2958 1936 3034; x_wconf 88' lang='lat' dir='ltr'>cuique</span> 
     </span>
     <span class='ocr_line' id='line_1_37' title="bbox 251 3036 1935 3116; baseline 0.003 -26"><span class='ocrx_word' id='word_1_265' title='bbox 251 3036 332 3091; x_wconf 89' lang='lat' dir='ltr'>rei</span> <span class='ocrx_word' id='word_1_266' title='bbox 361 3036 662 3091; x_wconf 87' lang='lat' dir='ltr'>conveniat</span> <span class='ocrx_word' id='word_1_267' title='bbox 689 3055 758 3091; x_wconf 84' lang='lat' dir='ltr'>ex</span> <span class='ocrx_word' id='word_1_268' title='bbox 787 3038 1023 3094; x_wconf 90' lang='lat' dir='ltr'>somniis</span> <span class='ocrx_word' id='word_1_269' title='bbox 1045 3046 1102 3096; x_wconf 91' lang='lat' dir='ltr'>et</span> <span class='ocrx_word' id='word_1_270' title='bbox 1126 3039 1265 3114; x_wconf 91' lang='lat' dir='ltr'>quid</span> <span class='ocrx_word' id='word_1_271' title='bbox 1289 3057 1572 3116; x_wconf 91' lang='lat' dir='ltr'>quamque</span> <span class='ocrx_word' id='word_1_272' title='bbox 1593 3057 1714 3095; x_wconf 89' lang='lat' dir='ltr'>rem</span> <span class='ocrx_word' id='word_1_273' title='bbox 1737 3057 1935 3114; x_wconf 83' lang='lat' dir='ltr'>sequa-</span> 
     </span>
     <span class='ocr_line' id='line_1_38' title="bbox 251 3111 1934 3195; baseline 0.005 -28"><span class='ocrx_word' id='word_1_274' title='bbox 251 3120 346 3167; x_wconf 89' lang='lat' dir='ltr'>tur</span> <span class='ocrx_word' id='word_1_275' title='bbox 376 3111 716 3187; x_wconf 87' lang='lat' dir='ltr'>intellegunt</span> <span class='ocrx_word' id='word_1_276' title='bbox 744 3121 843 3170; x_wconf 92' lang='lat' dir='ltr'>aut</span> <span class='ocrx_word' id='word_1_277' title='bbox 871 3134 1066 3172; x_wconf 90' lang='lat' dir='ltr'>eorum</span> <span class='ocrx_word' id='word_1_278' title='bbox 1094 3126 1362 3174; x_wconf 88' lang='lat' dir='ltr'>neutrum</span> <span class='ocrx_word' id='word_1_279' title='bbox 1394 3126 1495 3189; x_wconf 90' lang='lat' dir='ltr'>est,</span> <span class='ocrx_word' id='word_1_280' title='bbox 1521 3118 1621 3175; x_wconf 88' lang='lat' dir='ltr'>sed</span> <span class='ocrx_word' id='word_1_281' title='bbox 1651 3118 1934 3195; x_wconf 88' lang='lat' dir='ltr'>quaedam</span> 
     </span>
     <span class='ocr_line' id='line_1_39' title="bbox 253 3189 1935 3274; baseline 0.005 -28"><span class='ocrx_word' id='word_1_282' title='bbox 253 3189 570 3246; x_wconf 86' lang='lat' dir='ltr'>observatio</span> <span class='ocrx_word' id='word_1_283' title='bbox 606 3198 871 3247; x_wconf 89' lang='lat' dir='ltr'>constans</span> <span class='ocrx_word' id='word_1_284' title='bbox 899 3203 1068 3267; x_wconf 89' lang='lat' dir='ltr'>atque</span> <span class='ocrx_word' id='word_1_285' title='bbox 1097 3196 1369 3253; x_wconf 83' lang='lat' dir='ltr'>diuturna</span> <span class='ocrx_word' id='word_1_286' title='bbox 1396 3204 1497 3269; x_wconf 92' lang='lat' dir='ltr'>est,</span> <span class='ocrx_word' id='word_1_287' title='bbox 1524 3195 1654 3255; x_wconf 86' lang='lat' dir='ltr'>cum</span> <span class='ocrx_word' id='word_1_288' title='bbox 1685 3198 1827 3274; x_wconf 89' lang='lat' dir='ltr'>quid</span> <span class='ocrx_word' id='word_1_289' title='bbox 1856 3199 1935 3254; x_wconf 83' lang='lat' dir='ltr'>vi·</span> 
     </span>
    </p>
   </div>
  </div>
 </body>
</html>
