2205 3431
598 107 734 156 LIB.
763 107 830 167 1.,
859 106 1016 155 CAP.
1042 108 1447 171 XL1.-XL111.,
1477 109 1505 170 ξ
1537 115 1777 161 115-121.
1963 116 2028 163 43

343 209 430 266 tio
460 215 707 266 maxime
730 216 969 267 tractata
995 210 1066 267 ab
1090 210 1413 269 Euhemero
1437 220 1538 284 est,
1557 233 1727 290 quem
1755 223 1950 274 noster
1969 224 2029 275 et

342 288 750 365 interpretatus
791 297 851 346 et
883 297 1110 348 secutus
1152 298 1239 348 est
1271 300 1497 368 praeter
1529 300 1746 351 ceteros
1788 295 2023 354 Ennius,

342 367 441 426 Ab
462 369 786 427 Euhemero
815 378 1007 427 autem
1037 378 1095 428 et
1116 378 1332 428 mortes
1360 380 1417 429 et
1447 373 1767 449 sepulturae
1795 375 2028 433 demon-

341 456 595 506 strantur
616 449 870 507 deorum.
940 449 1156 508 Utrum
1180 451 1357 527 igitur
1377 451 1471 509 hic
1493 452 1853 512 confirmasse
1876 456 2027 512 vide-

340 535 437 586 tur
463 529 796 606 religionem
829 549 902 586 an
930 531 1163 606 penitus
1189 537 1374 588 totam
1404 532 1731 591 sustulisse?
1799 535 2025 593 Omitto

339 607 626 681 Eleusina,
648 618 901 667 sanctam
931 609 1087 667 illam
1118 618 1177 668 et
1203 619 1522 688 augustam,

600 737 702 787 Ubi
730 737 990 786 initiantur
1014 746 1189 798 gentes
1214 754 1414 787 orarum
1441 739 1660 802 ultimae,

336 863 630 933 praetereo
661 856 1116 914 Samothraciam
1146 876 1323 934 eaque
1347 877 1491 934 quae
1521 858 1721 916 Lemni

597 986 858 1034 Nocturno
885 985 1022 1034 aditu
1050 985 1244 1034 occulta
1272 986 1516 1048 coluntur,

661 1051 976 1104 Silvestribus
1000 1051 1229 1114 saepibus
1259 1051 1429 1101 densa.

334 1167 558 1238 Quibus
607 1170 905 1248 explicatis
954 1170 1028 1228 ad
1072 1171 1468 1248 rationemque
1516 1173 1794 1230 revocatis
1831 1193 2019 1232 rerum

332 1251 517 1325 magis
544 1258 747 1308 natura
774 1251 1141 1327 cognoscitur
1169 1271 1339 1328 quam
1369 1251 1623 1310 deorum.

412 1329 630 1388 XLIII.
706 1337 836 1388 120.
869 1330 1017 1387 Mihi
1050 1331 1283 1408 quidem
1319 1331 1492 1388 etiam
1522 1331 1906 1404 DemocrituS‚
1931 1334 2019 1390 vir

330 1429 575 1487 magnus
609 1411 669 1467 in
704 1411 920 1488 primia
946 1411 1109 1468 cuius
1142 1410 1404 1468 fontibus
1440 1411 1722 1488 Epicurus
1758 1411 2017 1470 hortulos

331 1509 465 1547 suos
518 1491 793 1568 irrigavit,
843 1497 1043 1548 nutare
1099 1490 1327 1548 videtur
1381 1492 1440 1547 in
1496 1499 1700 1549 natura
1755 1492 2011 1551 deorum.

329 1569 480 1627 Tum
542 1572 697 1628 enim
766 1577 960 1628 censet
1021 1571 1301 1646 imagines
1363 1571 1663 1629 divinitate
1727 1572 2014 1648 praeditas

328 1649 512 1708 inesse
545 1652 606 1708 in
648 1651 1015 1708 universitate
1058 1670 1265 1722 rerum,
1296 1658 1422 1708 tum
1457 1651 1737 1729 principia
1781 1653 2008 1724 mentiS‚

329 1751 473 1808 quae
515 1739 649 1789 sunt
690 1733 749 1788 in
791 1731 994 1790 eodem
1041 1732 1321 1804 universo⁹
1351 1733 1490 1789 deos
1531 1752 1651 1790 esse
1694 1732 1852 1804 dicit,
1883 1740 2008 1789 tum

326 1812 646 1869 animantes
679 1812 974 1889 imagineS,
1001 1832 1146 1889 quae
1181 1812 1265 1869 vel
1305 1812 1570 1889 prodesse
1612 1812 1782 1869 nobis
1824 1812 2010 1870 solent

326 1891 412 1948 vel
447 1911 667 1961 nocere,
698 1899 825 1949 tum
863 1893 1124 1968 ingentes
1168 1893 1443 1969 quasdam
1486 1893 1765 1969 imagines
1799 1899 2009 1951 tantas-

327 1989 452 2046 que,
478 1980 542 2028 ut
572 1973 898 2030 universum
933 1973 1214 2029 mundum
1250 1972 1705 2049 complectantur
1740 1973 2008 2029 extrinse-

325 2071 439 2109 cus,
525 2051 684 2120 Quae
734 2053 968 2129 quidem
1021 2053 1217 2109 omnia
1270 2061 1403 2110 sunt
1451 2053 1636 2129 patria
1683 2052 2006 2110 Democriti

324 2151 498 2208 quam
545 2132 883 2190 Democrito
933 2133 1213 2208 digniora.
1304 2138 1434 2190 121,
1481 2133 1623 2200 Quis
1673 2133 1826 2189 enim
1869 2134 2007 2189 istas

322 2211 603 2288 imagines
644 2212 1124 2289 comprehendere
1171 2212 1364 2269 animo
1409 2219 1619 2289 potest,
1656 2213 1783 2290 quis
1829 2213 2007 2269 admi-

319 2292 451 2363 rari,
488 2293 616 2369 quis
659 2299 759 2349 aut
803 2292 960 2349 cultu
1005 2299 1106 2349 aut
1154 2292 1428 2369 religione
1474 2293 1677 2369 dignas
1720 2292 2006 2349 iudicare?

320 2370 604 2448 Epicurus
631 2392 763 2429 vero
794 2393 862 2430 ex
895 2372 1105 2429 animis
1131 2372 1434 2429 hominum
1463 2373 1706 2430 extraxit
1734 2372 2005 2429 radicitus

320 2452 674 2528 religionem,
707 2472 839 2509 cum
882 2453 971 2509 dis
1014 2452 1435 2509 immortalibus
1477 2460 1535 2510 et
1578 2472 1748 2529 opem
1792 2460 1849 2509 et
1883 2472 2006 2528 gra-

318 2531 461 2588 tiam
497 2532 742 2590 sustulit.
828 2531 1013 2600 Quem
1049 2533 1206 2589 enim
1241 2533 1520 2609 optimam
1556 2541 1614 2590 et
1642 2533 2005 2609 praestantis-

318 2612 524 2668 simam
566 2620 824 2670 naturam
871 2613 963 2670 dei
1007 2613 1163 2670 dicat
1201 2632 1338 2684 esse,
1367 2621 1541 2688 negat
1583 2612 1737 2669 idem
1780 2631 1900 2668 esse
1942 2612 2002 2667 in

317 2691 429 2748 deo
457 2692 717 2768 gratiam.
801 2692 979 2750 Tollit
1012 2693 1074 2750 id
1112 2692 1267 2769 quod
1300 2694 1547 2749 maxime
1580 2691 1878 2769 proprium
1915 2699 2001 2748 est

317 2772 573 2848 optimae
621 2773 1254 2849 praestantissimaeque
1308 2779 1557 2829 naturae.
1645 2770 1800 2839 Quid
1848 2772 2000 2828 enim

315 2859 403 2908 est
437 2852 639 2909 melius
681 2860 781 2910 aut
813 2853 954 2930 quid
987 2853 1369 2929 praestantius
1405 2852 1660 2908 bonitate
1705 2860 1763 2909 et
1796 2851 2004 2908 benefi-

315 2932 541 2990 centia?
622 2931 750 3001 Qua
776 2953 908 2990 cum
938 2952 1126 2990 carere
1155 2932 1327 2989 deum
1357 2931 1546 3002 vultiS,
1572 2932 1862 2988 neminem
1892 2932 2001 2987 deo

314 3031 420 3069 nec
450 3012 621 3070 deum
644 3033 747 3070 nec
775 3012 1072 3070 hominem
1102 3032 1313 3083 carum,
1337 3011 1625 3069 neminem
1655 3011 1726 3068 ab
1758 3031 1825 3069 eo
1854 3031 2003 3067 ama-

314 3092 380 3161 ri,
414 3093 705 3150 neminem
741 3093 905 3168 diligi
940 3092 1129 3149 vultis,
1217 3091 1308 3148 Ita
1340 3091 1406 3148 fit
1442 3099 1506 3147 ut
1541 3111 1656 3147 non
1691 3091 1868 3146 modo
1903 3090 2002 3143 ho-

314 3173 499 3229 mines
528 3192 561 3229 a
588 3173 692 3241 dis,
716 3173 815 3230 scd
845 3173 954 3248 ipsi
984 3172 1044 3227 di
1067 3173 1218 3227 inter
1246 3191 1304 3226 se
1327 3170 1399 3225 ab
1428 3170 1553 3225 aliis
1582 3168 1677 3224 alii
1700 3168 2000 3240 neglegan-

2057 3269 2126 3313 Γ
