2205 3431
614 126 839 188 LIB.1.,
861 125 1389 187 cAr.xr,.-xr,11.‚
1414 124 1442 184 θ
1467 127 1644 175 87—93.
1879 126 1970 175 179

290 234 484 305 potest
524 246 645 285 esse
679 228 778 304 qui
812 247 929 284 non
971 236 1105 285 ante
1139 246 1439 303 magorum
1470 226 1835 303 disciplinam
1870 227 1971 283 sci-

289 309 617 384 entiamque
645 307 975 384 perceperit.
1061 307 1222 365 Licet
1250 315 1439 364 autem
1464 306 1656 363 videre
1678 313 1737 363 et
1762 325 1971 383 genera

290 388 569 464 quaedam
615 395 673 444 et
720 390 982 444 nationes
1022 387 1158 444 huic
1206 387 1474 444 scientiae
1523 385 1761 444 deditas
1846 385 1971 443 Tel-

287 487 506 524 messus
535 468 595 523 in
624 466 790 523 Caria
817 475 918 536 est,
952 487 1064 544 qua
1091 468 1151 523 in
1182 467 1319 523 urbe
1349 466 1572 523 excellit
1604 466 1969 542 haruspicum

288 547 605 623 disciplina.
693 546 952 623 Itemque
1002 546 1123 603 Elis
1164 547 1224 603 in
1274 547 1675 623 Peloponneso
1722 545 1970 603 familias

288 626 430 682 duas
472 634 653 683 certas
692 626 882 696 habet,
916 626 1264 683 Iamidarum
1300 646 1490 696 unam,
1522 625 1756 683 alteram
1791 625 1972 683 Cluti-

288 706 507 776 darum,
534 705 926 782 haruspicinae
946 706 1250 764 nobilitate
1277 712 1644 783 praestantes,
1707 706 1770 762 In
1804 704 1970 782 Syria

288 784 563 843 Chaldaei
603 785 933 862 cognitione
975 793 1257 842 astrorum
1303 785 1664 862 sollertiaque
1713 786 1971 862 ingenio-

286 884 415 921 rum
445 865 805 923 antecellunt.
894 872 985 923 92.
1031 866 1262 923 Etruria
1293 873 1485 923 autem
1521 866 1593 923 de
1628 865 1782 923 caelo
1816 873 1971 923 tacta

288 945 662 1002 scientissime
722 945 1142 1015 animadvertit,
1195 942 1507 1022 eademque
1563 945 1971 1022 interpretatur

288 1024 429 1101 quid
461 1025 779 1101 quibusque
809 1026 1143 1083 ostendatur
1168 1026 1440 1082 monstris
1468 1033 1638 1101 atque
1667 1026 1965 1103 portentis,

288 1104 568 1172 Quocirca
610 1105 756 1162 bene
801 1106 956 1181 apud
997 1106 1242 1162 maiores
1287 1113 1513 1162 nostros
1558 1112 1787 1162 senatus
1819 1112 1965 1175 tum,

287 1204 419 1241 cum
470 1184 708 1248 florebat
756 1185 1077 1261 imperium,
1124 1185 1374 1243 decrevit
1416 1193 1481 1242 ut
1525 1185 1596 1241 de
1640 1186 1966 1262 principum

286 1264 420 1320 filiis
469 1284 565 1337 sex
611 1265 852 1340 singulis
899 1264 1160 1322 Etruriae
1215 1265 1447 1340 populis
1495 1265 1553 1321 in
1604 1265 1966 1341 disciplinam

286 1344 658 1414 traderentur,
696 1364 767 1401 ne
802 1364 890 1401 ars
932 1352 1092 1402 tanta
1135 1354 1371 1421 propter
1405 1345 1742 1426 tenuitatem
1785 1345 1966 1401 homi·

286 1443 423 1480 num
461 1444 495 1485 a
526 1424 820 1500 religionis
860 1425 1197 1482 auctoritate
1231 1424 1606 1481 abduceretur
1646 1424 1719 1481 ad
1760 1444 1969 1482 merce-

286 1504 418 1559 dem
449 1511 619 1580 atque
649 1510 963 1580 quaestum.
1049 1504 1311 1580 Phryges
1339 1511 1530 1560 autem
1560 1510 1618 1561 et
1651 1503 1880 1561 Pisidae
1910 1514 1968 1561 et

286 1582 493 1640 Cilices
521 1592 579 1641 et
612 1582 865 1640 Arabum
894 1584 1052 1641 natio
1081 1584 1272 1640 avium
1304 1582 1818 1659 significationibus
1847 1584 1969 1660 plu-

285 1663 495 1721 rimum
533 1663 946 1741 obtemperant,
979 1663 1137 1741 quod
1169 1663 1325 1722 idem
1365 1663 1695 1721 factitatum
1730 1663 1789 1720 in
1825 1664 1968 1723 Um-

285 1743 410 1801 bria
437 1745 774 1821 accepimus,

368 1824 551 1881 XLII.
632 1830 723 1881 93.
748 1825 837 1880 Ac
865 1824 1008 1880 mihi
1040 1824 1272 1901 quidem
1302 1823 1570 1880 videntur
1603 1843 1635 1880 6
1662 1822 1802 1880 locis
1832 1844 1968 1901 quo-

287 1923 397 1980 que
439 1905 595 1981 ipsiS,
633 1904 731 1980 qui
774 1924 807 1961 a
849 1904 1168 1981 quibusque
1217 1903 1631 1974 incolebantur,
1666 1904 1969 1962 divinatio·

285 2003 424 2040 num
462 1984 919 2061 opportunitates
953 2004 1073 2041 esse
1115 1985 1334 2042 ductae.
1419 1984 1653 2042 Etenim
1688 1984 1966 2062 Aegyptii

285 2070 347 2120 et
399 2063 709 2140 Babylonii
764 2064 824 2120 in
865 2083 1200 2140 camporum
1256 2065 1577 2140 patentium
1628 2065 1969 2140 aequoribus

283 2143 625 2213 habitanteS‚
657 2162 787 2200 cum
831 2163 900 2201 ex
941 2152 1092 2201 terra
1132 2143 1277 2200 nihil
1321 2144 1596 2202 emineret
1639 2146 1796 2220 quod
1838 2165 1970 2202 con-

284 2223 650 2300 templationi
695 2224 835 2281 caeli
879 2223 1102 2281 officere
1148 2230 1358 2300 posset,
1396 2243 1626 2281 omnem
1673 2244 1862 2280 curam
1907 2226 1963 2281 in

286 2303 537 2360 siderum
571 2303 901 2379 cognitione
942 2311 1277 2379 posuerunt,
1309 2303 1534 2360 Etrusci
1570 2310 1779 2372 autem,
1813 2306 1969 2381 quod

284 2383 559 2459 religione
587 2383 796 2440 imbuti
824 2383 1138 2440 studiosius
1166 2391 1223 2440 et
1251 2383 1502 2440 crebrius
1524 2383 1739 2441 hostias
1767 2384 1965 2441 immo-

285 2462 495 2533 labant,
541 2469 801 2520 extorum
844 2463 1165 2539 cognitioni
1214 2482 1272 2520 se
1313 2464 1561 2520 maxime
1607 2464 1964 2533 dediderunt,

287 2543 558 2619 quodque
591 2549 826 2619 propter
858 2543 1006 2599 aeris
1040 2543 1474 2601 crassitudinem
1511 2543 1581 2600 de
1624 2544 1779 2600 caelo
1813 2544 1969 2620 apud

286 2641 385 2679 eos
411 2622 595 2679 multa
621 2621 834 2679 fiebant
862 2631 920 2680 et
949 2623 1106 2699 quod
1135 2622 1211 2679 ob
1253 2624 1489 2681 eandem
1526 2643 1751 2681 causam
1787 2623 1967 2680 multa

284 2701 560 2759 inusitata
601 2703 811 2778 partim
859 2722 889 2760 e
933 2703 1107 2773 cae10,
1148 2703 1260 2759 alia
1307 2722 1376 2759 ex
1424 2708 1575 2759 terra
1619 2700 1963 2772 oriebantur,

288 2782 564 2857 quaedam
613 2783 787 2838 etiam
830 2802 899 2840 ex
941 2783 1243 2839 hominum
1286 2781 1642 2858 pecudumve
1684 2789 1966 2859 conceptu

288 2856 373 2934 [et
401 2860 572 2939 satu],
597 2870 995 2939 portentorum
1026 2862 1481 2920 exercitatissimi
1510 2862 1848 2938 interpretes
1877 2882 1966 2919 ex-

286 2942 569 2999 stiterunt.
655 2942 911 3010 Quorum
949 2943 1182 3020 quidem
1217 2943 1352 3010 vim,
1385 2950 1448 2999 ut
1482 2949 1544 2999 tu
1581 2942 1727 3000 soles
1760 2943 1962 3013 dicere,

285 3022 458 3079 verba
496 3023 624 3099 ipsa
664 3024 974 3099 prudenter
1007 3043 1040 3080 a
1071 3022 1387 3079 maioribus
1427 3022 1618 3097 posita
1658 3022 1961 3080 declarant.

285 3101 435 3169 Quia
467 3103 621 3160 enim
665 3103 992 3172 ostendunt,
1024 3102 1394 3179 portendunt,
1431 3109 1772 3171 monstrant,
1811 3122 1965 3179 prae-

285 3181 502 3253 dicunt,
524 3189 772 3252 ostenta,
786 3191 1070 3259 portenta,
1097 3190 1367 3250 monstra,
1391 3181 1658 3257 prodigia
1679 3181 1955 3238 dicuntur.
