2205 3431
582 144 723 194 ΜΒ.
750 142 1026 203 11.,cAP.
1055 144 1382 207 L.-L111.,§
1416 148 1657 196 126-131.
1899 150 1964 197 93

284 253 737 323 procreaverunt,
762 265 941 323 usque
982 245 1055 302 ad
1090 265 1221 303 eum
1257 246 1429 303 finem
1472 247 1613 304 dum
1646 247 1871 324 possint
1904 268 1964 306 se

284 328 410 403 ipsa
437 325 778 384 defendere?
819 326 927 383 etsi
954 326 1155 402 pisceS,
1177 329 1241 383 ut
1269 327 1446 398 aiunt,
1469 347 1576 384 ova
1604 346 1733 385 cum
1757 347 1965 404 genue-

284 414 432 475 runt,
458 406 818 484 relinquunt:
862 406 1029 463 facile
1058 406 1210 463 enim
1233 406 1332 462 illa
1358 426 1506 484 aqua
1533 414 1590 464 et
1613 408 1965 465 sustinentur

284 495 343 543 et
369 486 555 543 fetum
576 487 845 543 fundunt.
931 484 1054 543 LII.
1100 486 1441 544 Testudines
1469 494 1661 544 autem
1690 495 1748 545 et
1776 506 1964 544 croco-

283 566 432 623 dilos
465 566 680 636 dicunt,
706 585 836 622 cum
865 566 925 621 in
954 573 1102 622 terra
1135 572 1368 642 partum
1400 567 1698 638 ediderint,
1726 567 1963 625 obruere

283 665 407 716 ova,
431 645 637 703 deinde
666 644 987 703 discedere:
1031 646 1114 702 ita
1141 652 1200 703 et
1226 654 1535 704 nascuntur
1563 655 1621 703 et
1650 647 1964 704 educantur

283 726 406 802 ipsa
426 745 527 803 pr
555 745 690 783 sese.
761 725 884 782 Iam
907 724 1150 801 gallinae
1178 745 1420 802 avesque
1450 727 1696 803 reliquae
1725 734 1782 784 et
1811 727 1964 803 quie-

283 812 407 862 tum
449 806 747 883 requirunt
786 805 860 861 ad
892 805 1231 881 pariendum
1267 805 1457 862 locum
1500 814 1559 863 et
1600 806 1811 864 cubilia
1853 807 1964 864 sibi

281 885 562 963 nidosque
596 892 936 942 construunt
967 904 1178 962 eosque
1222 904 1392 962 quam
1427 892 1670 962 possunt
1702 886 1964 943 mollissi-

282 984 373 1023 me
403 965 786 1035 substernunt,
807 972 873 1022 ut
903 984 1073 1041 quam
1095 964 1369 1022 facillime
1398 985 1506 1023 ova
1533 973 1856 1024 serventur:
1892 986 1961 1023 ex

283 1044 490 1121 quibus
517 1044 703 1121 pullos
731 1064 861 1101 cum
891 1044 1267 1115 excluserunt,
1284 1045 1366 1102 ita
1392 1052 1642 1117 tuentur,
1661 1053 1728 1102 ut
1748 1053 1806 1103 et
1827 1065 1963 1122 pen-

280 1126 371 1181 nis
392 1125 641 1195 foveant,
664 1144 734 1182 ne
755 1124 969 1200 frigore
990 1124 1304 1195 laedantur,
1325 1132 1398 1195 et,
1420 1126 1467 1182 si
1490 1135 1577 1182 est
1596 1125 1748 1183 calor
1769 1145 1803 1181 a
1825 1125 1959 1196 sole,

282 1224 341 1261 se
370 1211 680 1281 opponant.
750 1204 900 1261 Cum
922 1211 1113 1262 autem
1136 1204 1279 1281 pulli
1300 1205 1566 1281 pennulis
1592 1206 1677 1262 uti
1700 1213 1958 1282 possunt,

281 1291 408 1341 tum
430 1284 651 1342 volatus
672 1303 869 1341 eorum
891 1291 1102 1341 matres
1123 1292 1560 1361 prosequuntur,
1583 1284 1801 1362 reliqua
1828 1304 1963 1342 cura

279 1364 604 1422 liberantur.
678 1370 809 1422 130.
835 1363 1080 1421 Accedit
1100 1364 1272 1421 etiam
1303 1364 1376 1420 ad
1397 1383 1513 1421 non
1536 1364 1820 1422 nullorum
1846 1366 1962 1421 ani-

279 1444 563 1501 mantium
586 1450 644 1501 et
664 1463 857 1501 earum
886 1462 1091 1514 rerum,
1115 1463 1253 1520 quas
1274 1451 1425 1500 terra
1444 1444 1651 1520 gignit,
1672 1464 1962 1502 conserva-

280 1523 497 1580 tionem
533 1531 591 1581 et
613 1523 852 1581 salutem
880 1523 1184 1580 hominum
1217 1517 1441 1601 [etiam]
1474 1523 1723 1581 sollertia
1751 1532 1809 1581 et
1837 1525 1962 1581 dili-

280 1603 487 1679 gentia.
556 1603 614 1660 N
616 1623 707 1660 am
737 1604 951 1661 multae
980 1609 1037 1660 et
1058 1603 1307 1679 pecudes
1334 1611 1392 1660 et
1415 1604 1618 1680 stirpes
1646 1611 1793 1674 sunt,
1816 1623 1961 1680 quae

281 1684 401 1742 sine
430 1683 828 1761 procuratione
855 1683 1161 1741 hominum
1190 1682 1373 1741 salvae
1402 1702 1522 1741 esse
1556 1702 1670 1741 non
1700 1694 1957 1761 possunt.

280 1763 521 1841 Magnae
563 1765 735 1821 etiam
781 1764 1243 1841 opportunitates
1284 1763 1356 1820 ad
1398 1763 1617 1821 cultum
1659 1764 1961 1822 hominum

279 1851 450 1921 atque
491 1843 902 1901 abundantiam
944 1843 1085 1901 aliae
1127 1843 1252 1900 aliis
1292 1844 1352 1900 in
1395 1843 1536 1900 locis
1584 1845 1957 1921 reperiuntur.

277 1923 615 2000 Aegyptum
646 1924 814 1981 Nilus
842 1924 1040 1999 irrigat
1062 1930 1136 1994 et,
1158 1942 1287 1980 cum
1311 1930 1435 1980 tota
1456 1931 1667 1982 aestate
1697 1925 1960 1982 obrutam

279 2003 685 2081 oppletamque
713 2004 918 2072 tenuit,
940 2011 1068 2060 tum
1096 2003 1312 2060 recedit
1339 2003 1706 2081 mollitosque
1735 2012 1794 2062 et
1823 2005 1962 2062 obli-

278 2091 465 2140 matos
492 2084 563 2141 ad
594 2083 894 2141 serendum
925 2102 1092 2159 agros
1121 2083 1406 2160 relinquit.
1484 2083 1960 2161 Mesopotamiam

278 2163 527 2221 fertilem
557 2162 731 2221 efficit
759 2162 1097 2240 Euphrates,
1124 2163 1182 2219 in
1219 2182 1388 2240 quam
1421 2172 1564 2240 quot
1591 2184 1770 2221 annos
1800 2165 1961 2242 quasi

278 2263 459 2300 novos
499 2262 666 2320 agros
707 2242 941 2301 invehit.
1028 2242 1209 2299 Indus
1249 2262 1399 2313 ver0,
1432 2244 1530 2320 qui
1573 2252 1659 2300 est
1700 2245 1961 2301 omnium

278 2322 581 2380 fluminum
619 2324 920 2394 maximUS,
944 2341 1061 2379 non
1095 2341 1244 2400 aqua
1277 2322 1462 2379 solum
1496 2342 1663 2400 agros
1696 2323 1962 2381 laetificat

278 2411 337 2460 et
378 2404 626 2479 mitigat,
664 2403 766 2461 sed
805 2422 904 2460 eos
946 2403 1117 2460 etiam
1162 2403 1447 2460 conserit:
1496 2422 1766 2480 magnam
1809 2404 1960 2461 enim

256 2484 394 2539 ‘vim
441 2483 725 2540 seminum
772 2502 963 2540 secum
997 2483 1274 2540 frumenti
1314 2482 1585 2540 similium
1622 2484 1833 2541 dicitur
1869 2484 1963 2540 de-

281 2570 525 2639 portare.
607 2569 737 2619 131.
776 2562 1071 2638 Multaque
1099 2562 1210 2619 alia
1237 2562 1363 2619 aliis
1391 2563 1448 2619 in
1480 2562 1589 2620 loci
1618 2582 1963 2621 commemo-

276 2641 477 2700 rabilia
516 2643 772 2719 proferre
813 2662 1065 2719 possum,
1095 2642 1312 2699 multos
1350 2642 1571 2700 fertiles
1612 2662 1779 2719 agros
1820 2643 1962 2700 alios

277 2723 518 2780 aliorum
549 2723 859 2780 fructuum.
929 2721 1086 2779 LIII.
1125 2722 1241 2779 Sed
1269 2722 1366 2778 illa
1395 2730 1611 2799 quanta
1638 2723 1961 2800 benignitas

276 2810 526 2873 naturae,
553 2802 711 2880 quod
750 2810 869 2859 tam
910 2802 1093 2859 multa
1134 2801 1209 2858 ad
1239 2802 1601 2872 vescendum,
1626 2809 1747 2859 tam
1788 2803 1957 2874 varia,

180 2907 196 2921 ·
275 2889 395 2940 tam
431 2883 681 2940 iucunda
713 2882 917 2958 gignit,
938 2901 1124 2958 neque
1167 2901 1234 2938 ea
1266 2900 1382 2938 uno
1418 2890 1676 2959 tempore
1719 2883 1870 2954 anni,
1896 2891 1961 2940 ut

277 2981 502 3038 semper
529 2970 587 3020 et
608 2963 863 3019 novitate
892 2962 1241 3019 delectemur
1269 2968 1327 3018 et
1348 2962 1545 3038 copia!
1613 2962 1797 3030 Quam
1822 2970 1963 3019 tcm-

276 3044 530 3120 pestivos
563 3050 755 3099 autem
789 3042 967 3112 dedit,
993 3061 1164 3118 quam
1200 3041 1467 3098 salutares
1502 3061 1623 3098 non
1653 3043 1829 3099 modo
1865 3042 1962 3098 ho-

275 3123 518 3193 minum,
539 3122 640 3179 sed
661 3123 833 3179 etiam
854 3122 1139 3198 pecudum
1170 3122 1381 3196 generi,
1402 3122 1474 3178 iis
1503 3122 1751 3198 denique
1781 3122 1963 3177 omni-

276 3202 402 3273 buS‚
421 3222 564 3280 quac
584 3202 844 3260 oriuntur
861 3221 891 3259 e
909 3209 1073 3272 terra,
1087 3209 1288 3259 ventos
1306 3201 1541 3271 EtesiaS,
1561 3220 1800 3278 quorum
1821 3200 1960 3257 flatu
