2205 3431
532 152 668 202 LIB.
703 152 768 212 1.‚
798 151 954 201 CAP.
987 152 1481 216 XXVIII.-XXX.,
1507 153 1535 214 ᾗ
1560 156 1735 205 59-64.
1876 158 1971 205 169

289 252 568 309 bonarum
626 252 1042 328 cogitationum
1099 253 1299 329 epulis,
1352 274 1529 331 eaque
1578 263 1738 330 parte
1794 256 1970 314 animi

290 352 434 409 quae
463 331 755 409 voluptate
783 332 968 403 alitur,
994 352 1097 390 nec
1129 334 1326 409 inopia
1353 342 1551 391 enecta
1577 354 1681 392 nec
1712 335 1972 393 satietate

288 411 911 489 adfluenti——quorum
970 420 1276 489 utrumque
1324 415 1736 491 praestringere
1791 416 1971 473 aciem

288 492 499 549 mentis
534 491 694 563 solet,
720 492 837 549 sive
872 492 1031 549 deest
1060 500 1294 550 naturae
1324 494 1620 570 quippiam
1654 495 1771 551 sive
1799 494 1972 552 abun-

288 572 389 629 dat
429 579 601 649 atque
643 570 1023 629 adfluit—illa
1063 572 1238 629 etiam
1277 573 1448 630 tertia
1488 581 1649 649 parte
1687 575 1880 645 animi,
1911 576 1972 632 in

289 671 402 728 qua
428 652 639 708 irarum
670 652 893 709 exsistit
915 650 1097 722 ardor,
1125 651 1320 709 sedata
1347 660 1518 729 atque
1539 654 1825 725 restincta,
1845 661 1968 711 tum

289 731 512 788 eveniet
544 730 765 789 duabus
798 731 974 787 animi
1003 732 1319 789 temerariis
1347 733 1606 809 partibus
1635 735 1973 810 compressis
2031 789 2034 792 ,

288 818 353 867 ut
386 810 484 867 illa
514 812 686 868 tertia
712 830 843 887 pars
875 811 1115 868 rationis
1142 819 1201 868 et
1227 813 1438 869 mentis
1466 812 1683 870 eluceat
1711 821 1769 870 et
1797 834 1856 871 se
1885 834 1975 871 ve-

287 897 481 966 getam
501 890 574 947 ad
597 890 997 947 somniandum
1017 910 1317 968 acremque
1336 892 1619 969 praebeat,
1639 899 1764 950 tum
1784 894 1833 951 ei
1856 894 1975 951 visa

289 970 499 1047 quietis
548 977 845 1028 occurrent
887 971 1193 1047 tranquilla
1236 979 1409 1048 atque
1456 972 1728 1030 veracia.”
1813 973 1973 1031 Haec

286 1049 459 1106 verba
486 1050 610 1127 ipsa
631 1049 891 1107 Platonis
912 1051 1177 1127 expressi.
1253 1052 1451 1109 XXX.
1532 1058 1623 1110 62.
1660 1053 1973 1130 Epicurum

288 1129 467 1205 igitur
513 1129 811 1187 audiemus
857 1131 1088 1207 potius?
1172 1131 1436 1208 Namque
1486 1132 1806 1190 Carneades
1844 1153 1976 1190 con-

289 1210 618 1267 certationis
647 1210 838 1267 studio
866 1210 1043 1267 modo
1074 1212 1155 1268 ait
1185 1211 1310 1281 hoc,
1333 1212 1511 1270 modo
1541 1212 1698 1270 illud.
1767 1213 1851 1270 At
1880 1213 1974 1270 ille

291 1289 431 1366 quid
473 1290 681 1347 sentit?
763 1289 952 1348 Sentit
1009 1298 1201 1348 autem
1242 1291 1387 1348 nihil
1429 1311 1704 1368 umquam
1747 1292 1976 1369 elegans

289 1369 435 1426 nihil
458 1369 745 1427 decorum.
830 1370 1005 1427 Hunc
1033 1390 1170 1447 ergo
1200 1378 1513 1447 antepones
1542 1372 1774 1429 Platoni
1797 1381 1853 1429 et
1876 1372 1976 1429 So-

290 1450 468 1506 crati?
511 1450 610 1526 qui
638 1456 703 1507 ut
730 1450 1008 1506 rationem
1041 1469 1157 1506 non
1187 1450 1505 1522 redderent,
1531 1453 1867 1509 auctoritate
1894 1459 1976 1509 ta-

290 1548 423 1586 men
456 1528 564 1585 hos
597 1529 851 1586 minutos
879 1529 1257 1606 philosophos
1286 1531 1590 1588 vincerent.
1677 1531 1846 1589 Iubet
1873 1532 1977 1608 igi-

289 1617 385 1665 tur
412 1608 580 1666 Plato
611 1610 690 1665 sic
719 1609 793 1665 ad
821 1628 1086 1666 somnum
1117 1609 1399 1685 proficisci
1429 1610 1763 1687 corporibus
1791 1612 1977 1668 adfec-

289 1690 380 1760 tis,
407 1696 471 1746 ut
498 1688 640 1746 nihil
671 1690 745 1747 sit
775 1688 930 1766 quod
959 1709 1205 1747 errorem
1234 1690 1441 1747 animis
1468 1690 1977 1767 perturbationem-

292 1789 402 1847 que
431 1770 666 1827 adferat.
745 1769 832 1826 Ex
863 1789 976 1846 quo
1006 1771 1180 1827 ctiam
1203 1770 1585 1848 Pythagoreis
1606 1772 1976 1829 interdictum

290 1856 530 1928 putatur
562 1869 634 1906 ne
667 1849 803 1906 faba
831 1857 1203 1920 vescerentur,
1230 1851 1384 1927 quod
1414 1850 1588 1908 habet
1618 1851 1976 1909 inflationem

289 1949 560 2006 magnam
588 1930 638 1986 is
666 1929 826 1986 cibus
847 1931 1248 2006 tranquillitati
1270 1932 1481 1988 mentis
1503 1932 1830 2008 quaerentis
1849 1951 1979 1989 vera

292 2009 650 2067 contrariam.
729 2015 820 2066 63.
858 2008 1006 2066 Cum
1038 2029 1173 2086 ergo
1204 2018 1290 2068 est
1318 2030 1521 2068 somno
1545 2020 1839 2069 sevocatus
1861 2013 1979 2069 an't-

290 2110 422 2147 mus
449 2109 483 2146 a
511 2090 779 2147 societate
814 2096 871 2147 et
899 2108 933 2146 a
960 2091 1303 2166 contagione
1332 2092 1602 2168 corporiS,
1626 2100 1752 2149 tum
1780 2092 1980 2149 memi-

181 2218 186 2221 .
291 2171 382 2227 nit
409 2170 861 2246 praeteritorum,
886 2171 1207 2246 praesentia
1228 2171 1424 2241 cernit,
1448 2171 1645 2227 futura
1664 2172 1974 2248 praevidet.

294 2249 451 2307 Iacet
479 2250 630 2306 enim
662 2268 868 2325 corpus
898 2250 1238 2307 dormientis
1265 2257 1332 2307 ut
1352 2251 1582 2320 mortui,
1609 2252 1764 2327 viget
1786 2258 1976 2308 autem

294 2338 353 2387 et
380 2330 523 2386 vivit
551 2329 788 2386 animus,
858 2328 1027 2396 Quod
1054 2330 1242 2387 'multo
1271 2331 1456 2405 magis
1483 2331 1658 2388 faciet
1678 2337 1813 2408 post
1833 2350 1979 2388 mor-

293 2416 429 2480 tem,
456 2428 586 2467 cum
617 2410 853 2465 omnino
883 2429 1120 2486 corpore
1150 2411 1464 2468 excesserit.
1551 2411 1753 2488 Itaque
1775 2430 1981 2487 appro-

294 2490 611 2567 pinquante
643 2495 828 2546 morte
861 2490 1046 2546 multo
1076 2497 1163 2548 est
1192 2491 1455 2547 divinior.
1541 2489 1692 2547 Nam
1723 2491 1869 2548 et'id
1899 2492 1981 2567 ip-

296 2589 421 2625 sum
451 2569 663 2640 vident,
690 2569 788 2645 qui
818 2576 952 2626 sunt
979 2570 1182 2627 morbo
1205 2571 1363 2647 gravi
1386 2577 1443 2628 et
1464 2571 1764 2626 mortifero
1794 2570 1981 2626 adfec-

295 2649 358 2720 ti,
383 2650 594 2706 instare
620 2656 884 2707 mortem.
969 2649 1170 2727 Itaque
1199 2651 1290 2707 his
1319 2657 1624 2707 occurrunt
1644 2649 1980 2727 plerumque

296 2729 575 2805 imagines
609 2736 985 2800 mortuorum,
1005 2737 1245 2807 tumque
1278 2730 1368 2788 vel
1401 2730 1649 2787 maxime
1683 2729 1839 2786 laudi
1869 2738 1982 2786 stu-

297 2809 452 2880 dent,
478 2828 703 2886 eosque,
729 2810 827 2885 qui
857 2829 1016 2866 secus
1051 2830 1221 2887 quam
1257 2810 1450 2867 decuit
1481 2811 1764 2879 vixerunt,
1789 2829 1983 2886 pecca-

295 2896 488 2946 torum
518 2909 746 2946 suorum
778 2896 902 2946 tum
931 2891 1179 2949 maxime
1208 2891 1482 2967 poenitet.
1570 2895 1662 2948 64.
1706 2889 1981 2948 Divinare

297 2975 490 3026 autem
524 2970 832 3026 morientes
859 2969 959 3026 illo
995 2971 1165 3027 etiam
1203 2971 1465 3047 exemplo
1495 2970 1794 3028 confirmat
1822 2969 1981 3028 Posi-

296 3049 522 3119 doniUS,
561 3068 674 3125 quo
717 3049 904 3106 adfert
944 3049 1239 3107 Rhodium
1304 3052 1589 3121 quendam
1637 3053 1979 3109 morientem

298 3148 395 3186 sex
425 3129 685 3204 aequales
713 3130 1034 3186 nominasse
1063 3138 1123 3187 et
1150 3131 1360 3188 dixisse
1391 3133 1487 3207 qui
1516 3133 1736 3207 primus
1764 3149 1977 3199 eorum,

300 3209 399 3286 qui
442 3208 738 3280 secundm,
772 3211 869 3287 qui
912 3210 1120 3267 deinde
1163 3211 1431 3285 deinceps
1465 3211 1775 3267 moriturus
1816 3217 1971 3267 esset.

2045 3264 2128 3326 t*
