<?xml version="1.0" encoding="UTF-8"?>
<!DOCTYPE html PUBLIC "-//W3C//DTD XHTML 1.0 Transitional//EN"
    "http://www.w3.org/TR/xhtml1/DTD/xhtml1-transitional.dtd">
<html xmlns="http://www.w3.org/1999/xhtml" xml:lang="en" lang="en">
 <head>
  <title>
</title>
<meta http-equiv="Content-Type" content="text/html;charset=utf-8" />
  <meta name='ocr-system' content='tesseract 3.04.00' />
  <meta name='ocr-capabilities' content='ocr_page ocr_carea ocr_par ocr_line ocrx_word'/>
</head>
<body>
  <div class='ocr_page' id='page_1' title='image "./defato00cicegoog_0170.png"; bbox 0 0 2205 3431; ppageno 0'>
   <div class='ocr_carea' id='block_1_1' title="bbox 215 131 1368 181">
    <p class='ocr_par' dir='ltr' id='par_1_1' title="bbox 215 131 1368 181">
     <span class='ocr_line' id='line_1_1' title="bbox 215 131 1368 181; baseline -0.001 0"><span class='ocrx_word' id='word_1_1' title='bbox 215 135 309 181; x_wconf 80' lang='lat'><strong>160</strong></span> <span class='ocrx_word' id='word_1_2' title='bbox 733 131 832 179; x_wconf 74' lang='lat' dir='ltr'><strong>DE</strong></span> <span class='ocrx_word' id='word_1_3' title='bbox 866 131 1368 181; x_wconf 83' lang='lat' dir='ltr'>DIVINATIONE.</span> 
     </span>
    </p>
   </div>
   <div class='ocr_carea' id='block_1_2' title="bbox 206 232 1897 3267">
    <p class='ocr_par' dir='ltr' id='par_1_2' title="bbox 206 232 1897 2288">
     <span class='ocr_line' id='line_1_2' title="bbox 211 232 1895 309; baseline 0.002 -19"><span class='ocrx_word' id='word_1_4' title='bbox 211 234 346 290; x_wconf 87' lang='lat' dir='ltr'><strong>tatis</strong></span> <span class='ocrx_word' id='word_1_5' title='bbox 379 238 478 289; x_wconf 90' lang='lat' dir='ltr'><strong>aut</strong></span> <span class='ocrx_word' id='word_1_6' title='bbox 512 232 920 309; x_wconf 87' lang='lat' dir='ltr'><strong>impudentiae,</strong></span> <span class='ocrx_word' id='word_1_7' title='bbox 954 234 1052 309; x_wconf 91' lang='lat' dir='ltr'><strong>qui</strong></span> <span class='ocrx_word' id='word_1_8' title='bbox 1083 252 1376 291; x_wconf 70' lang='lat' dir='ltr'><strong>cocotxx.</strong></span> <span class='ocrx_word' id='word_1_9' title='bbox 1407 234 1567 291; x_wconf 84' lang='lat' dir='ltr'><strong>milia</strong></span> <span class='ocrx_word' id='word_1_10' title='bbox 1594 255 1895 309; x_wconf 88' lang='lat' dir='ltr'><strong>annorum,</strong></span> 
     </span>
     <span class='ocr_line' id='line_1_3' title="bbox 212 312 1893 390; baseline 0.003 -21"><span class='ocrx_word' id='word_1_11' title='bbox 212 321 276 369; x_wconf 91' lang='lat' dir='ltr'><strong>ut</strong></span> <span class='ocrx_word' id='word_1_12' title='bbox 308 312 419 389; x_wconf 92' lang='lat' dir='ltr'><strong>ipsi</strong></span> <span class='ocrx_word' id='word_1_13' title='bbox 454 312 669 381; x_wconf 87' lang='lat' dir='ltr'><strong>dicunt,</strong></span> <span class='ocrx_word' id='word_1_14' title='bbox 700 313 1090 369; x_wconf 85' lang='lat' dir='ltr'>monumentis</span> <span class='ocrx_word' id='word_1_15' title='bbox 1133 314 1545 390; x_wconf 88' lang='lat' dir='ltr'><strong>comprehensa</strong></span> <span class='ocrx_word' id='word_1_16' title='bbox 1577 316 1893 388; x_wconf 80' lang='lat' dir='ltr'>continent,</span> 
     </span>
     <span class='ocr_line' id='line_1_4' title="bbox 209 392 1897 471; baseline 0.002 -21"><span class='ocrx_word' id='word_1_17' title='bbox 209 401 268 450; x_wconf 89' lang='lat' dir='ltr'><strong>ct</strong></span> <span class='ocrx_word' id='word_1_18' title='bbox 300 392 530 449; x_wconf 89' lang='lat' dir='ltr'><strong>mentiri</strong></span> <span class='ocrx_word' id='word_1_19' title='bbox 558 392 876 450; x_wconf 86' lang='lat' dir='ltr'><strong>iudicemus</strong></span> <span class='ocrx_word' id='word_1_20' title='bbox 909 412 1014 449; x_wconf 92' lang='lat' dir='ltr'><strong>nec</strong></span> <span class='ocrx_word' id='word_1_21' title='bbox 1049 393 1399 450; x_wconf 89' lang='lat' dir='ltr'><strong>saeculorum</strong></span> <span class='ocrx_word' id='word_1_22' title='bbox 1436 395 1784 471; x_wconf 90' lang='lat' dir='ltr'><strong>reliquorum</strong></span> <span class='ocrx_word' id='word_1_23' title='bbox 1813 398 1897 453; x_wconf 90' lang='lat' dir='ltr'><strong>iu-</strong></span> 
     </span>
     <span class='ocr_line' id='line_1_5' title="bbox 209 472 1890 550; baseline 0.004 -22"><span class='ocrx_word' id='word_1_24' title='bbox 209 472 440 543; x_wconf 89' lang='lat' dir='ltr'><strong>dicium,</strong></span> <span class='ocrx_word' id='word_1_25' title='bbox 468 472 623 549; x_wconf 91' lang='lat' dir='ltr'><strong>quod</strong></span> <span class='ocrx_word' id='word_1_26' title='bbox 646 472 716 529; x_wconf 90' lang='lat' dir='ltr'><strong>de</strong></span> <span class='ocrx_word' id='word_1_27' title='bbox 744 472 885 548; x_wconf 92' lang='lat' dir='ltr'><strong>ipsis</strong></span> <span class='ocrx_word' id='word_1_28' title='bbox 912 473 1173 530; x_wconf 84' lang='lat' dir='ltr'><strong>futurum</strong></span> <span class='ocrx_word' id='word_1_29' title='bbox 1199 473 1290 542; x_wconf 91' lang='lat' dir='ltr'><strong>sit,</strong></span> <span class='ocrx_word' id='word_1_30' title='bbox 1310 474 1725 550; x_wconf 83' lang='lat' dir='ltr'><strong>pertimescere.</strong></span> <span class='ocrx_word' id='word_1_31' title='bbox 1798 477 1890 535; x_wconf 85' lang='lat'><strong>37.</strong></span> 
     </span>
     <span class='ocr_line' id='line_1_6' title="bbox 208 551 1896 629; baseline 0.003 -21"><span class='ocrx_word' id='word_1_32' title='bbox 208 552 354 628; x_wconf 85' lang='lat' dir='ltr'><strong>Age,</strong></span> <span class='ocrx_word' id='word_1_33' title='bbox 379 551 602 609; x_wconf 89' lang='lat' dir='ltr'><strong>barbari</strong></span> <span class='ocrx_word' id='word_1_34' title='bbox 634 552 767 608; x_wconf 82' lang='lat' dir='ltr'><strong>vani</strong></span> <span class='ocrx_word' id='word_1_35' title='bbox 800 560 971 629; x_wconf 90' lang='lat' dir='ltr'><strong>atque</strong></span> <span class='ocrx_word' id='word_1_36' title='bbox 1005 552 1267 609; x_wconf 85' lang='lat' dir='ltr'><strong>fallaces:</strong></span> <span class='ocrx_word' id='word_1_37' title='bbox 1312 573 1452 610; x_wconf 90' lang='lat' dir='ltr'><strong>num</strong></span> <span class='ocrx_word' id='word_1_38' title='bbox 1488 554 1663 612; x_wconf 84' lang='lat' dir='ltr'><strong>etiarn</strong></span> <span class='ocrx_word' id='word_1_39' title='bbox 1696 556 1896 613; x_wconf 83' lang='lat' dir='ltr'><strong>Graio-</strong></span> 
     </span>
     <span class='ocr_line' id='line_1_7' title="bbox 208 631 1894 711; baseline 0.002 -22"><span class='ocrx_word' id='word_1_40' title='bbox 208 652 336 689; x_wconf 86' lang='lat' dir='ltr'><strong>rum</strong></span> <span class='ocrx_word' id='word_1_41' title='bbox 384 631 623 689; x_wconf 88' lang='lat' dir='ltr'><strong>historia</strong></span> <span class='ocrx_word' id='word_1_42' title='bbox 669 632 914 689; x_wconf 88' lang='lat' dir='ltr'><strong>mentita</strong></span> <span class='ocrx_word' id='word_1_43' title='bbox 968 634 1091 690; x_wconf 64' lang='lat' dir='ltr'><strong>est?</strong></span> <span class='ocrx_word' id='word_1_44' title='bbox 1174 632 1332 701; x_wconf 83' lang='lat' dir='ltr'><strong>Quae</strong></span> <span class='ocrx_word' id='word_1_45' title='bbox 1381 634 1593 691; x_wconf 85' lang='lat' dir='ltr'><strong>Croeso</strong></span> <span class='ocrx_word' id='word_1_46' title='bbox 1643 634 1894 711; x_wconf 87' lang='lat' dir='ltr'><strong>Pythius</strong></span> 
     </span>
     <span class='ocr_line' id='line_1_8' title="bbox 207 711 1895 791; baseline 0.002 -23"><span class='ocrx_word' id='word_1_47' title='bbox 207 711 440 788; x_wconf 87' lang='lat' dir='ltr'><strong>Apollo,</strong></span> <span class='ocrx_word' id='word_1_48' title='bbox 464 719 531 768; x_wconf 92' lang='lat' dir='ltr'><strong>ut</strong></span> <span class='ocrx_word' id='word_1_49' title='bbox 559 711 630 768; x_wconf 91' lang='lat' dir='ltr'><strong>de</strong></span> <span class='ocrx_word' id='word_1_50' title='bbox 658 711 902 768; x_wconf 86' lang='lat' dir='ltr'><strong>naturali</strong></span> <span class='ocrx_word' id='word_1_51' title='bbox 931 712 1286 769; x_wconf 76' lang='lat' dir='ltr'>divinatione</span> <span class='ocrx_word' id='word_1_52' title='bbox 1316 712 1520 785; x_wconf 89' lang='lat' dir='ltr'><strong>dicam,</strong></span> <span class='ocrx_word' id='word_1_53' title='bbox 1547 733 1691 791; x_wconf 90' lang='lat' dir='ltr'><strong>quae</strong></span> <span class='ocrx_word' id='word_1_54' title='bbox 1712 715 1895 773; x_wconf 87' lang='lat' dir='ltr'><strong>Athe-</strong></span> 
     </span>
     <span class='ocr_line' id='line_1_9' title="bbox 208 790 1891 872; baseline 0.003 -25"><span class='ocrx_word' id='word_1_55' title='bbox 208 790 516 862; x_wconf 90' lang='lat' dir='ltr'><strong>niensibus,</strong></span> <span class='ocrx_word' id='word_1_56' title='bbox 555 810 697 868; x_wconf 89' lang='lat' dir='ltr'><strong>quae</strong></span> <span class='ocrx_word' id='word_1_57' title='bbox 739 790 1220 862; x_wconf 90' lang='lat' dir='ltr'><strong>Lacedaemoniis,</strong></span> <span class='ocrx_word' id='word_1_58' title='bbox 1254 811 1398 869; x_wconf 91' lang='lat' dir='ltr'><strong>quae</strong></span> <span class='ocrx_word' id='word_1_59' title='bbox 1431 793 1713 870; x_wconf 82' lang='lat' dir='ltr'><strong>TegeatiS,</strong></span> <span class='ocrx_word' id='word_1_60' title='bbox 1747 814 1891 872; x_wconf 89' lang='lat' dir='ltr'><strong>quae</strong></span> 
     </span>
     <span class='ocr_line' id='line_1_10' title="bbox 206 870 1891 950; baseline 0.003 -23"><span class='ocrx_word' id='word_1_61' title='bbox 206 871 456 946; x_wconf 82' lang='lat' dir='ltr'><strong>ArgiviS,</strong></span> <span class='ocrx_word' id='word_1_62' title='bbox 489 890 632 948; x_wconf 89' lang='lat' dir='ltr'><strong>quae</strong></span> <span class='ocrx_word' id='word_1_63' title='bbox 677 870 994 928; x_wconf 88' lang='lat' dir='ltr'><strong>Corinthiis</strong></span> <span class='ocrx_word' id='word_1_64' title='bbox 1048 873 1409 948; x_wconf 86' lang='lat' dir='ltr'><strong>responderit</strong></span> <span class='ocrx_word' id='word_1_65' title='bbox 1454 874 1582 949; x_wconf 91' lang='lat' dir='ltr'><strong>quis</strong></span> <span class='ocrx_word' id='word_1_66' title='bbox 1626 874 1891 950; x_wconf 64' lang='lat' dir='ltr'><strong>ignorat?</strong></span> 
     </span>
     <span class='ocr_line' id='line_1_11' title="bbox 208 950 1892 1029; baseline 0.002 -21"><span class='ocrx_word' id='word_1_67' title='bbox 208 950 457 1027; x_wconf 86' lang='lat' dir='ltr'>Collegit</span> <span class='ocrx_word' id='word_1_68' title='bbox 503 950 941 1008; x_wconf 84' lang='lat' dir='ltr'>innumerabilia</span> <span class='ocrx_word' id='word_1_69' title='bbox 986 952 1213 1009; x_wconf 89' lang='lat' dir='ltr'><strong>oracula</strong></span> <span class='ocrx_word' id='word_1_70' title='bbox 1256 951 1616 1029; x_wconf 87' lang='lat' dir='ltr'><strong>Chrysippus</strong></span> <span class='ocrx_word' id='word_1_71' title='bbox 1660 973 1763 1011; x_wconf 92' lang='lat' dir='ltr'><strong>nec</strong></span> <span class='ocrx_word' id='word_1_72' title='bbox 1808 955 1892 1011; x_wconf 88' lang='lat' dir='ltr'><strong>ul-</strong></span> 
     </span>
     <span class='ocr_line' id='line_1_12' title="bbox 207 1029 1890 1111; baseline 0.003 -25"><span class='ocrx_word' id='word_1_73' title='bbox 207 1030 326 1087; x_wconf 92' lang='lat' dir='ltr'><strong>lum</strong></span> <span class='ocrx_word' id='word_1_74' title='bbox 373 1032 494 1088; x_wconf 89' lang='lat' dir='ltr'><strong>sine</strong></span> <span class='ocrx_word' id='word_1_75' title='bbox 539 1029 823 1107; x_wconf 86' lang='lat' dir='ltr'><strong>locuplete</strong></span> <span class='ocrx_word' id='word_1_76' title='bbox 865 1039 1095 1089; x_wconf 86' lang='lat' dir='ltr'><strong>auctore</strong></span> <span class='ocrx_word' id='word_1_77' title='bbox 1130 1038 1302 1107; x_wconf 89' lang='lat' dir='ltr'><strong>atque</strong></span> <span class='ocrx_word' id='word_1_78' title='bbox 1335 1039 1514 1090; x_wconf 89' lang='lat' dir='ltr'><strong>teste:</strong></span> <span class='ocrx_word' id='word_1_79' title='bbox 1561 1053 1720 1110; x_wconf 90' lang='lat' dir='ltr'><strong>quae,</strong></span> <span class='ocrx_word' id='word_1_80' title='bbox 1755 1036 1890 1111; x_wconf 86' lang='lat' dir='ltr'><strong>quia</strong></span> 
     </span>
     <span class='ocr_line' id='line_1_13' title="bbox 207 1111 1891 1187; baseline 0.003 -21"><span class='ocrx_word' id='word_1_81' title='bbox 207 1118 346 1168; x_wconf 90' lang='lat' dir='ltr'><strong>nota</strong></span> <span class='ocrx_word' id='word_1_82' title='bbox 373 1111 480 1168; x_wconf 91' lang='lat' dir='ltr'><strong>tibi</strong></span> <span class='ocrx_word' id='word_1_83' title='bbox 509 1118 659 1181; x_wconf 91' lang='lat' dir='ltr'><strong>sunt,</strong></span> <span class='ocrx_word' id='word_1_84' title='bbox 683 1111 978 1187; x_wconf 90' lang='lat' dir='ltr'><strong>relinquo:</strong></span> <span class='ocrx_word' id='word_1_85' title='bbox 1023 1112 1275 1169; x_wconf 86' lang='lat' dir='ltr'><strong>defendo</strong></span> <span class='ocrx_word' id='word_1_86' title='bbox 1304 1131 1484 1169; x_wconf 91' lang='lat' dir='ltr'><strong>unum</strong></span> <span class='ocrx_word' id='word_1_87' title='bbox 1513 1112 1640 1171; x_wconf 90' lang='lat' dir='ltr'><strong>hoc.</strong></span> <span class='ocrx_word' id='word_1_88' title='bbox 1711 1113 1891 1171; x_wconf 90' lang='lat' dir='ltr'><strong>Num-</strong></span> 
     </span>
     <span class='ocr_line' id='line_1_14' title="bbox 209 1189 1891 1267; baseline 0.003 -21"><span class='ocrx_word' id='word_1_89' title='bbox 209 1210 380 1267; x_wconf 87' lang='lat' dir='ltr'><strong>quam</strong></span> <span class='ocrx_word' id='word_1_90' title='bbox 408 1190 551 1247; x_wconf 90' lang='lat' dir='ltr'><strong>illud</strong></span> <span class='ocrx_word' id='word_1_91' title='bbox 580 1189 869 1247; x_wconf 89' lang='lat' dir='ltr'><strong>oraculum</strong></span> <span class='ocrx_word' id='word_1_92' title='bbox 893 1190 1139 1267; x_wconf 89' lang='lat' dir='ltr'><strong>Delphis</strong></span> <span class='ocrx_word' id='word_1_93' title='bbox 1158 1198 1279 1248; x_wconf 89' lang='lat' dir='ltr'><strong>tam</strong></span> <span class='ocrx_word' id='word_1_94' title='bbox 1309 1191 1527 1250; x_wconf 91' lang='lat' dir='ltr'><strong>celebre</strong></span> <span class='ocrx_word' id='word_1_95' title='bbox 1555 1200 1614 1250; x_wconf 88' lang='lat' dir='ltr'><strong>et</strong></span> <span class='ocrx_word' id='word_1_96' title='bbox 1634 1199 1755 1250; x_wconf 89' lang='lat' dir='ltr'><strong>tam</strong></span> <span class='ocrx_word' id='word_1_97' title='bbox 1783 1195 1891 1251; x_wconf 91' lang='lat' dir='ltr'><strong>cla-</strong></span> 
     </span>
     <span class='ocr_line' id='line_1_15' title="bbox 206 1270 1890 1350; baseline 0.002 -24"><span class='ocrx_word' id='word_1_98' title='bbox 206 1289 333 1327; x_wconf 91' lang='lat' dir='ltr'><strong>rum</strong></span> <span class='ocrx_word' id='word_1_99' title='bbox 362 1270 566 1328; x_wconf 84' lang='lat' dir='ltr'><strong>fuisset</strong></span> <span class='ocrx_word' id='word_1_100' title='bbox 594 1290 779 1347; x_wconf 91' lang='lat' dir='ltr'><strong>neque</strong></span> <span class='ocrx_word' id='word_1_101' title='bbox 808 1272 982 1328; x_wconf 87' lang='lat' dir='ltr'><strong>tantis</strong></span> <span class='ocrx_word' id='word_1_102' title='bbox 1011 1272 1179 1328; x_wconf 91' lang='lat' dir='ltr'><strong>donis</strong></span> <span class='ocrx_word' id='word_1_103' title='bbox 1206 1272 1482 1329; x_wconf 84' lang='lat' dir='ltr'><strong>refertum</strong></span> <span class='ocrx_word' id='word_1_104' title='bbox 1506 1274 1767 1330; x_wconf 90' lang='lat' dir='ltr'><strong>omnium</strong></span> <span class='ocrx_word' id='word_1_105' title='bbox 1789 1293 1890 1350; x_wconf 91' lang='lat' dir='ltr'><strong>po-</strong></span> 
     </span>
     <span class='ocr_line' id='line_1_16' title="bbox 207 1351 1888 1427; baseline 0.003 -21"><span class='ocrx_word' id='word_1_106' title='bbox 207 1351 474 1425; x_wconf 90' lang='lat' dir='ltr'><strong>pulorum</strong></span> <span class='ocrx_word' id='word_1_107' title='bbox 512 1358 682 1426; x_wconf 89' lang='lat' dir='ltr'><strong>atque</strong></span> <span class='ocrx_word' id='word_1_108' title='bbox 725 1370 941 1427; x_wconf 88' lang='lat' dir='ltr'><strong>regum,</strong></span> <span class='ocrx_word' id='word_1_109' title='bbox 973 1352 1084 1408; x_wconf 89' lang='lat' dir='ltr'><strong>nisi</strong></span> <span class='ocrx_word' id='word_1_110' title='bbox 1121 1352 1309 1408; x_wconf 88' lang='lat' dir='ltr'><strong>omnis</strong></span> <span class='ocrx_word' id='word_1_111' title='bbox 1342 1359 1496 1409; x_wconf 89' lang='lat' dir='ltr'><strong>aetas</strong></span> <span class='ocrx_word' id='word_1_112' title='bbox 1532 1353 1888 1411; x_wconf 86' lang='lat' dir='ltr'><strong>oraculorum</strong></span> 
     </span>
     <span class='ocr_line' id='line_1_17' title="bbox 206 1430 1888 1507; baseline 0.004 -22"><span class='ocrx_word' id='word_1_113' title='bbox 206 1430 434 1488; x_wconf 91' lang='lat' dir='ltr'><strong>illorum</strong></span> <span class='ocrx_word' id='word_1_114' title='bbox 470 1431 767 1488; x_wconf 88' lang='lat' dir='ltr'><strong>veritatem</strong></span> <span class='ocrx_word' id='word_1_115' title='bbox 797 1439 944 1488; x_wconf 89' lang='lat' dir='ltr'><strong>esset</strong></span> <span class='ocrx_word' id='word_1_116' title='bbox 973 1442 1220 1507; x_wconf 85' lang='lat' dir='ltr'><strong>experta.</strong></span> <span class='ocrx_word' id='word_1_117' title='bbox 1305 1431 1469 1489; x_wconf 88' lang='lat' dir='ltr'><strong>Idem</strong></span> <span class='ocrx_word' id='word_1_118' title='bbox 1497 1433 1612 1489; x_wconf 89' lang='lat' dir='ltr'><strong>iam</strong></span> <span class='ocrx_word' id='word_1_119' title='bbox 1642 1434 1742 1490; x_wconf 89' lang='lat' dir='ltr'><strong>diu</strong></span> <span class='ocrx_word' id='word_1_120' title='bbox 1770 1454 1888 1491; x_wconf 93' lang='lat' dir='ltr'><strong>non</strong></span> 
     </span>
     <span class='ocr_line' id='line_1_18' title="bbox 206 1510 1890 1590; baseline 0.002 -24"><span class='ocrx_word' id='word_1_121' title='bbox 206 1510 362 1568; x_wconf 86' lang='lat' dir='ltr'><strong>facit.</strong></span> <span class='ocrx_word' id='word_1_122' title='bbox 435 1517 526 1568; x_wconf 88' lang='lat'><strong>38.</strong></span> <span class='ocrx_word' id='word_1_123' title='bbox 563 1510 651 1569; x_wconf 90' lang='lat' dir='ltr'><strong>Ut</strong></span> <span class='ocrx_word' id='word_1_124' title='bbox 680 1511 856 1587; x_wconf 89' lang='lat' dir='ltr'><strong>igitur</strong></span> <span class='ocrx_word' id='word_1_125' title='bbox 883 1530 1035 1568; x_wconf 89' lang='lat' dir='ltr'><strong>nunc</strong></span> <span class='ocrx_word' id='word_1_126' title='bbox 1057 1510 1279 1569; x_wconf 91' lang='lat' dir='ltr'><strong>minore</strong></span> <span class='ocrx_word' id='word_1_127' title='bbox 1300 1512 1483 1588; x_wconf 86' lang='lat' dir='ltr'><strong>gloria</strong></span> <span class='ocrx_word' id='word_1_128' title='bbox 1504 1519 1606 1584; x_wconf 89' lang='lat' dir='ltr'><strong>est,</strong></span> <span class='ocrx_word' id='word_1_129' title='bbox 1633 1514 1766 1590; x_wconf 86' lang='lat' dir='ltr'><strong>quia</strong></span> <span class='ocrx_word' id='word_1_130' title='bbox 1786 1515 1890 1570; x_wconf 90' lang='lat' dir='ltr'><strong>mi-</strong></span> 
     </span>
     <span class='ocr_line' id='line_1_19' title="bbox 206 1589 1891 1662; baseline 0.003 -16"><span class='ocrx_word' id='word_1_131' title='bbox 206 1610 315 1647; x_wconf 87' lang='lat' dir='ltr'><strong>nus</strong></span> <span class='ocrx_word' id='word_1_132' title='bbox 348 1590 704 1648; x_wconf 88' lang='lat' dir='ltr'><strong>oraculorum</strong></span> <span class='ocrx_word' id='word_1_133' title='bbox 740 1591 945 1648; x_wconf 88' lang='lat' dir='ltr'><strong>veritas</strong></span> <span class='ocrx_word' id='word_1_134' title='bbox 979 1589 1223 1662; x_wconf 88' lang='lat' dir='ltr'><strong>excellit,</strong></span> <span class='ocrx_word' id='word_1_135' title='bbox 1255 1592 1336 1648; x_wconf 91' lang='lat' dir='ltr'><strong>sic</strong></span> <span class='ocrx_word' id='word_1_136' title='bbox 1368 1598 1496 1649; x_wconf 90' lang='lat' dir='ltr'><strong>tum</strong></span> <span class='ocrx_word' id='word_1_137' title='bbox 1523 1593 1635 1649; x_wconf 90' lang='lat' dir='ltr'><strong>nisi</strong></span> <span class='ocrx_word' id='word_1_138' title='bbox 1665 1612 1891 1651; x_wconf 90' lang='lat' dir='ltr'><strong>summa</strong></span> 
     </span>
     <span class='ocr_line' id='line_1_20' title="bbox 207 1671 1888 1748; baseline 0.003 -22"><span class='ocrx_word' id='word_1_139' title='bbox 207 1671 444 1729; x_wconf 87' lang='lat' dir='ltr'><strong>veritate</strong></span> <span class='ocrx_word' id='word_1_140' title='bbox 489 1671 551 1728; x_wconf 92' lang='lat' dir='ltr'><strong>in</strong></span> <span class='ocrx_word' id='word_1_141' title='bbox 585 1678 747 1730; x_wconf 88' lang='lat' dir='ltr'><strong>tanta</strong></span> <span class='ocrx_word' id='word_1_142' title='bbox 777 1671 961 1748; x_wconf 89' lang='lat' dir='ltr'><strong>gloria</strong></span> <span class='ocrx_word' id='word_1_143' title='bbox 993 1690 1110 1729; x_wconf 93' lang='lat' dir='ltr'><strong>non</strong></span> <span class='ocrx_word' id='word_1_144' title='bbox 1145 1672 1365 1730; x_wconf 87' lang='lat' dir='ltr'><strong>fuisset.</strong></span> <span class='ocrx_word' id='word_1_145' title='bbox 1450 1672 1654 1730; x_wconf 90' lang='lat' dir='ltr'><strong>Potest</strong></span> <span class='ocrx_word' id='word_1_146' title='bbox 1695 1680 1888 1731; x_wconf 89' lang='lat' dir='ltr'><strong>autem</strong></span> 
     </span>
     <span class='ocr_line' id='line_1_21' title="bbox 206 1751 1888 1829; baseline 0.002 -22"><span class='ocrx_word' id='word_1_147' title='bbox 206 1751 292 1807; x_wconf 89' lang='lat' dir='ltr'><strong>vis</strong></span> <span class='ocrx_word' id='word_1_148' title='bbox 325 1752 422 1808; x_wconf 92' lang='lat' dir='ltr'><strong>illa</strong></span> <span class='ocrx_word' id='word_1_149' title='bbox 454 1758 651 1823; x_wconf 89' lang='lat' dir='ltr'><strong>terrae,</strong></span> <span class='ocrx_word' id='word_1_150' title='bbox 685 1771 828 1829; x_wconf 90' lang='lat' dir='ltr'><strong>quae</strong></span> <span class='ocrx_word' id='word_1_151' title='bbox 861 1759 1117 1809; x_wconf 88' lang='lat' dir='ltr'><strong>mentem</strong></span> <span class='ocrx_word' id='word_1_152' title='bbox 1151 1752 1398 1829; x_wconf 88' lang='lat' dir='ltr'><strong>Pythiae</strong></span> <span class='ocrx_word' id='word_1_153' title='bbox 1436 1753 1635 1811; x_wconf 89' lang='lat' dir='ltr'><strong>divino</strong></span> <span class='ocrx_word' id='word_1_154' title='bbox 1673 1752 1888 1811; x_wconf 90' lang='lat' dir='ltr'><strong>adflatu</strong></span> 
     </span>
     <span class='ocr_line' id='line_1_22' title="bbox 207 1830 1888 1909; baseline 0.001 -21"><span class='ocrx_word' id='word_1_155' title='bbox 207 1830 548 1902; x_wconf 81' lang='lat' dir='ltr'><strong>concitabat,</strong></span> <span class='ocrx_word' id='word_1_156' title='bbox 573 1832 865 1888; x_wconf 86' lang='lat' dir='ltr'><strong>evanuisse</strong></span> <span class='ocrx_word' id='word_1_157' title='bbox 892 1838 1193 1901; x_wconf 90' lang='lat' dir='ltr'><strong>vetustate,</strong></span> <span class='ocrx_word' id='word_1_158' title='bbox 1217 1839 1283 1888; x_wconf 89' lang='lat' dir='ltr'><strong>ut</strong></span> <span class='ocrx_word' id='word_1_159' title='bbox 1306 1831 1583 1909; x_wconf 91' lang='lat' dir='ltr'><strong>quosdam</strong></span> <span class='ocrx_word' id='word_1_160' title='bbox 1607 1834 1888 1891; x_wconf 86' lang='lat' dir='ltr'><strong>exaruisse</strong></span> 
     </span>
     <span class='ocr_line' id='line_1_23' title="bbox 207 1911 1889 1970; baseline 0.002 -3"><span class='ocrx_word' id='word_1_161' title='bbox 207 1930 404 1968; x_wconf 90' lang='lat' dir='ltr'><strong>amnes</strong></span> <span class='ocrx_word' id='word_1_162' title='bbox 431 1918 530 1967; x_wconf 89' lang='lat' dir='ltr'><strong>aut</strong></span> <span class='ocrx_word' id='word_1_163' title='bbox 558 1912 618 1967; x_wconf 90' lang='lat' dir='ltr'><strong>in</strong></span> <span class='ocrx_word' id='word_1_164' title='bbox 648 1911 822 1968; x_wconf 89' lang='lat' dir='ltr'><strong>alium</strong></span> <span class='ocrx_word' id='word_1_165' title='bbox 857 1931 1085 1969; x_wconf 82' lang='lat' dir='ltr'><strong>cursum</strong></span> <span class='ocrx_word' id='word_1_166' title='bbox 1121 1918 1416 1969; x_wconf 90' lang='lat' dir='ltr'><strong>contortos</strong></span> <span class='ocrx_word' id='word_1_167' title='bbox 1444 1918 1503 1968; x_wconf 92' lang='lat' dir='ltr'><strong>et</strong></span> <span class='ocrx_word' id='word_1_168' title='bbox 1530 1912 1781 1970; x_wconf 86' lang='lat' dir='ltr'><strong>deflexos</strong></span> <span class='ocrx_word' id='word_1_169' title='bbox 1808 1915 1889 1970; x_wconf 90' lang='lat' dir='ltr'><strong>vi-</strong></span> 
     </span>
     <span class='ocr_line' id='line_1_24' title="bbox 208 1990 1887 2070; baseline 0.002 -23"><span class='ocrx_word' id='word_1_170' title='bbox 208 1991 423 2048; x_wconf 77' lang='lat' dir='ltr'><strong>demus,</strong></span> <span class='ocrx_word' id='word_1_171' title='bbox 503 1990 633 2060; x_wconf 88' lang='lat' dir='ltr'><strong>Sed,</strong></span> <span class='ocrx_word' id='word_1_172' title='bbox 660 1997 724 2048; x_wconf 89' lang='lat' dir='ltr'><strong>ut</strong></span> <span class='ocrx_word' id='word_1_173' title='bbox 751 1991 852 2062; x_wconf 80' lang='lat' dir='ltr'><strong>viS,</strong></span> <span class='ocrx_word' id='word_1_174' title='bbox 878 1992 1180 2049; x_wconf 86' lang='lat' dir='ltr'><strong>acciderit:</strong></span> <span class='ocrx_word' id='word_1_175' title='bbox 1216 2011 1426 2068; x_wconf 88' lang='lat' dir='ltr'><strong>magna</strong></span> <span class='ocrx_word' id='word_1_176' title='bbox 1453 1993 1606 2049; x_wconf 90' lang='lat' dir='ltr'><strong>enim</strong></span> <span class='ocrx_word' id='word_1_177' title='bbox 1631 1994 1887 2070; x_wconf 89' lang='lat' dir='ltr'><strong>quaestio</strong></span> 
     </span>
     <span class='ocr_line' id='line_1_25' title="bbox 207 2070 1886 2149; baseline 0.001 -22"><span class='ocrx_word' id='word_1_178' title='bbox 207 2079 327 2127; x_wconf 90' lang='lat' dir='ltr'><strong>est:</strong></span> <span class='ocrx_word' id='word_1_179' title='bbox 370 2070 547 2127; x_wconf 89' lang='lat' dir='ltr'><strong>modo</strong></span> <span class='ocrx_word' id='word_1_180' title='bbox 589 2079 818 2128; x_wconf 88' lang='lat' dir='ltr'><strong>maneat</strong></span> <span class='ocrx_word' id='word_1_181' title='bbox 851 2071 928 2142; x_wconf 92' lang='lat' dir='ltr'><strong>id,</strong></span> <span class='ocrx_word' id='word_1_182' title='bbox 963 2071 1119 2148; x_wconf 91' lang='lat' dir='ltr'><strong>quod</strong></span> <span class='ocrx_word' id='word_1_183' title='bbox 1152 2073 1350 2148; x_wconf 88' lang='lat' dir='ltr'><strong>negari</strong></span> <span class='ocrx_word' id='word_1_184' title='bbox 1382 2091 1499 2128; x_wconf 89' lang='lat' dir='ltr'><strong>non</strong></span> <span class='ocrx_word' id='word_1_185' title='bbox 1533 2079 1742 2149; x_wconf 88' lang='lat' dir='ltr'><strong>potest,</strong></span> <span class='ocrx_word' id='word_1_186' title='bbox 1774 2073 1886 2129; x_wconf 93' lang='lat' dir='ltr'><strong>nisi</strong></span> 
     </span>
     <span class='ocr_line' id='line_1_26' title="bbox 209 2150 1890 2227; baseline 0.002 -20"><span class='ocrx_word' id='word_1_187' title='bbox 209 2170 440 2208; x_wconf 91' lang='lat' dir='ltr'><strong>omnem</strong></span> <span class='ocrx_word' id='word_1_188' title='bbox 475 2150 771 2207; x_wconf 89' lang='lat' dir='ltr'><strong>historiam</strong></span> <span class='ocrx_word' id='word_1_189' title='bbox 805 2151 1259 2227; x_wconf 79' lang='lat' dir='ltr'><strong>perverterimUS,</strong></span> <span class='ocrx_word' id='word_1_190' title='bbox 1291 2151 1488 2209; x_wconf 90' lang='lat' dir='ltr'><strong>multis</strong></span> <span class='ocrx_word' id='word_1_191' title='bbox 1521 2152 1758 2209; x_wconf 85' lang='lat' dir='ltr'><strong>saeculis</strong></span> <span class='ocrx_word' id='word_1_192' title='bbox 1800 2173 1890 2210; x_wconf 88' lang='lat' dir='ltr'><strong>ve-</strong></span> 
     </span>
     <span class='ocr_line' id='line_1_27' title="bbox 207 2231 937 2288; baseline 0.001 -1"><span class='ocrx_word' id='word_1_193' title='bbox 207 2250 306 2288; x_wconf 87' lang='lat' dir='ltr'><strong>rax</strong></span> <span class='ocrx_word' id='word_1_194' title='bbox 333 2231 511 2288; x_wconf 87' lang='lat' dir='ltr'><strong>fuisse</strong></span> <span class='ocrx_word' id='word_1_195' title='bbox 539 2231 600 2288; x_wconf 94' lang='lat' dir='ltr'><strong>id</strong></span> <span class='ocrx_word' id='word_1_196' title='bbox 630 2231 937 2288; x_wconf 87' lang='lat' dir='ltr'><strong>oraculum.</strong></span> 
     </span>
    </p>

    <p class='ocr_par' dir='ltr' id='par_1_3' title="bbox 206 2310 1894 3267">
     <span class='ocr_line' id='line_1_28' title="bbox 286 2310 1890 2369; baseline 0.001 -2"><span class='ocrx_word' id='word_1_197' title='bbox 286 2311 423 2368; x_wconf 92' lang='lat' dir='ltr'><strong>XX.</strong></span> <span class='ocrx_word' id='word_1_198' title='bbox 510 2317 601 2368; x_wconf 88' lang='grc'><strong>39.</strong></span> <span class='ocrx_word' id='word_1_199' title='bbox 648 2310 764 2367; x_wconf 86' lang='lat' dir='ltr'><strong>Sed</strong></span> <span class='ocrx_word' id='word_1_200' title='bbox 797 2311 1135 2367; x_wconf 89' lang='lat' dir='ltr'><strong>omittamus</strong></span> <span class='ocrx_word' id='word_1_201' title='bbox 1177 2311 1434 2368; x_wconf 80' lang='lat' dir='ltr'><strong>oracula:</strong></span> <span class='ocrx_word' id='word_1_202' title='bbox 1476 2311 1774 2369; x_wconf 87' lang='lat' dir='ltr'><strong>veniamus</strong></span> <span class='ocrx_word' id='word_1_203' title='bbox 1815 2313 1890 2369; x_wconf 90' lang='lat' dir='ltr'><strong>ad</strong></span> 
     </span>
     <span class='ocr_line' id='line_1_29' title="bbox 207 2389 1890 2468; baseline 0.001 -21"><span class='ocrx_word' id='word_1_204' title='bbox 207 2391 444 2448; x_wconf 88' lang='lat' dir='ltr'><strong>somnia.</strong></span> <span class='ocrx_word' id='word_1_205' title='bbox 530 2389 621 2447; x_wconf 91' lang='lat' dir='ltr'><strong>De</strong></span> <span class='ocrx_word' id='word_1_206' title='bbox 651 2390 859 2466; x_wconf 88' lang='lat' dir='ltr'><strong>quibus</strong></span> <span class='ocrx_word' id='word_1_207' title='bbox 886 2391 1187 2466; x_wconf 89' lang='lat' dir='ltr'><strong>disputans</strong></span> <span class='ocrx_word' id='word_1_208' title='bbox 1220 2391 1579 2468; x_wconf 89' lang='lat' dir='ltr'><strong>Chrysippus</strong></span> <span class='ocrx_word' id='word_1_209' title='bbox 1604 2392 1802 2458; x_wconf 87' lang='lat' dir='ltr'><strong>multis</strong></span> <span class='ocrx_word' id='word_1_210' title='bbox 1831 2399 1890 2449; x_wconf 91' lang='lat' dir='ltr'><strong>et</strong></span> 
     </span>
     <span class='ocr_line' id='line_1_30' title="bbox 206 2468 1892 2549; baseline 0.001 -22"><span class='ocrx_word' id='word_1_211' title='bbox 206 2471 446 2527; x_wconf 89' lang='lat' dir='ltr'><strong>minutis</strong></span> <span class='ocrx_word' id='word_1_212' title='bbox 475 2470 713 2527; x_wconf 92' lang='lat' dir='ltr'><strong>somniis</strong></span> <span class='ocrx_word' id='word_1_213' title='bbox 742 2468 1079 2546; x_wconf 82' lang='lat' dir='ltr'><strong>colligendis</strong></span> <span class='ocrx_word' id='word_1_214' title='bbox 1107 2471 1251 2529; x_wconf 86' lang='lat' dir='ltr'><strong>facit</strong></span> <span class='ocrx_word' id='word_1_215' title='bbox 1277 2471 1432 2529; x_wconf 90' lang='lat' dir='ltr'><strong>idem</strong></span> <span class='ocrx_word' id='word_1_216' title='bbox 1463 2472 1619 2549; x_wconf 92' lang='lat' dir='ltr'><strong>quod</strong></span> <span class='ocrx_word' id='word_1_217' title='bbox 1648 2471 1892 2549; x_wconf 89' lang='lat' dir='ltr'><strong>Antipa-</strong></span> 
     </span>
     <span class='ocr_line' id='line_1_31' title="bbox 206 2550 1890 2628; baseline 0 -20"><span class='ocrx_word' id='word_1_218' title='bbox 206 2558 309 2621; x_wconf 90' lang='lat' dir='ltr'><strong>ter,</strong></span> <span class='ocrx_word' id='word_1_219' title='bbox 335 2570 402 2607; x_wconf 89' lang='lat' dir='ltr'><strong>ea</strong></span> <span class='ocrx_word' id='word_1_220' title='bbox 434 2550 791 2627; x_wconf 80' lang='lat' dir='ltr'><strong>conquirenS,</strong></span> <span class='ocrx_word' id='word_1_221' title='bbox 824 2569 967 2626; x_wconf 89' lang='lat' dir='ltr'><strong>quae</strong></span> <span class='ocrx_word' id='word_1_222' title='bbox 1003 2550 1386 2626; x_wconf 85' lang='lat' dir='ltr'><strong>Antiphontis</strong></span> <span class='ocrx_word' id='word_1_223' title='bbox 1418 2551 1890 2628; x_wconf 84' lang='lat' dir='ltr'><strong>interpretatione</strong></span> 
     </span>
     <span class='ocr_line' id='line_1_32' title="bbox 207 2630 1886 2708; baseline 0 -20"><span class='ocrx_word' id='word_1_224' title='bbox 207 2631 489 2708; x_wconf 88' lang='lat' dir='ltr'><strong>explicata</strong></span> <span class='ocrx_word' id='word_1_225' title='bbox 529 2631 819 2688; x_wconf 85' lang='lat' dir='ltr'><strong>declarant</strong></span> <span class='ocrx_word' id='word_1_226' title='bbox 858 2630 955 2686; x_wconf 87' lang='lat' dir='ltr'><strong>illa</strong></span> <span class='ocrx_word' id='word_1_227' title='bbox 997 2630 1230 2706; x_wconf 90' lang='lat' dir='ltr'><strong>quidem</strong></span> <span class='ocrx_word' id='word_1_228' title='bbox 1265 2650 1504 2688; x_wconf 87' lang='lat' dir='ltr'><strong>acumen</strong></span> <span class='ocrx_word' id='word_1_229' title='bbox 1539 2631 1886 2708; x_wconf 81' lang='lat' dir='ltr'><strong>interpretiS‚</strong></span> 
     </span>
     <span class='ocr_line' id='line_1_33' title="bbox 208 2709 1893 2787; baseline -0.001 -20"><span class='ocrx_word' id='word_1_230' title='bbox 208 2712 308 2767; x_wconf 90' lang='lat' dir='ltr'><strong>sed</strong></span> <span class='ocrx_word' id='word_1_231' title='bbox 335 2711 611 2787; x_wconf 85' lang='lat' dir='ltr'><strong>exemplis</strong></span> <span class='ocrx_word' id='word_1_232' title='bbox 638 2709 1039 2786; x_wconf 84' lang='lat' dir='ltr'><strong>grandioribus</strong></span> <span class='ocrx_word' id='word_1_233' title='bbox 1067 2710 1262 2767; x_wconf 89' lang='lat' dir='ltr'><strong>decuit</strong></span> <span class='ocrx_word' id='word_1_234' title='bbox 1287 2711 1389 2768; x_wconf 90' lang='lat' dir='ltr'><strong>uti.</strong></span> <span class='ocrx_word' id='word_1_235' title='bbox 1474 2710 1746 2786; x_wconf 85' lang='lat' dir='ltr'><strong>Dionysii</strong></span> <span class='ocrx_word' id='word_1_236' title='bbox 1775 2730 1893 2767; x_wconf 89' lang='lat' dir='ltr'><strong>ma-</strong></span> 
     </span>
     <span class='ocr_line' id='line_1_34' title="bbox 207 2790 1890 2867; baseline -0.001 -19"><span class='ocrx_word' id='word_1_237' title='bbox 207 2797 309 2861; x_wconf 84' lang='lat' dir='ltr'><strong>ter,</strong></span> <span class='ocrx_word' id='word_1_238' title='bbox 334 2791 456 2847; x_wconf 92' lang='lat' dir='ltr'><strong>eius</strong></span> <span class='ocrx_word' id='word_1_239' title='bbox 486 2791 583 2866; x_wconf 92' lang='lat' dir='ltr'><strong>qui</strong></span> <span class='ocrx_word' id='word_1_240' title='bbox 606 2790 1037 2867; x_wconf 88' lang='lat' dir='ltr'><strong>Syracusiorum</strong></span> <span class='ocrx_word' id='word_1_241' title='bbox 1060 2796 1339 2866; x_wconf 89' lang='lat' dir='ltr'><strong>tyrannus</strong></span> <span class='ocrx_word' id='word_1_242' title='bbox 1368 2790 1499 2860; x_wconf 87' lang='lat' dir='ltr'><strong>fuit,</strong></span> <span class='ocrx_word' id='word_1_243' title='bbox 1523 2797 1589 2846; x_wconf 93' lang='lat' dir='ltr'><strong>ut</strong></span> <span class='ocrx_word' id='word_1_244' title='bbox 1612 2790 1890 2866; x_wconf 88' lang='lat' dir='ltr'><strong>scriptum</strong></span> 
     </span>
     <span class='ocr_line' id='line_1_35' title="bbox 207 2869 1893 2946; baseline -0.001 -19"><span class='ocrx_word' id='word_1_245' title='bbox 207 2870 362 2946; x_wconf 91' lang='lat' dir='ltr'><strong>apud</strong></span> <span class='ocrx_word' id='word_1_246' title='bbox 390 2870 701 2927; x_wconf 87' lang='lat' dir='ltr'><strong>Philistum</strong></span> <span class='ocrx_word' id='word_1_247' title='bbox 735 2878 837 2940; x_wconf 91' lang='lat' dir='ltr'><strong>est,</strong></span> <span class='ocrx_word' id='word_1_248' title='bbox 871 2878 928 2926; x_wconf 91' lang='lat' dir='ltr'><strong>et</strong></span> <span class='ocrx_word' id='word_1_249' title='bbox 962 2870 1198 2926; x_wconf 90' lang='lat' dir='ltr'><strong>doctum</strong></span> <span class='ocrx_word' id='word_1_250' title='bbox 1231 2869 1526 2927; x_wconf 90' lang='lat' dir='ltr'><strong>hominem</strong></span> <span class='ocrx_word' id='word_1_251' title='bbox 1561 2877 1618 2926; x_wconf 90' lang='lat' dir='ltr'><strong>et</strong></span> <span class='ocrx_word' id='word_1_252' title='bbox 1652 2870 1893 2946; x_wconf 88' lang='lat' dir='ltr'><strong>diligen-</strong></span> 
     </span>
     <span class='ocr_line' id='line_1_36' title="bbox 208 2949 1893 3026; baseline 0.001 -20"><span class='ocrx_word' id='word_1_253' title='bbox 208 2957 326 3006; x_wconf 91' lang='lat' dir='ltr'><strong>tem</strong></span> <span class='ocrx_word' id='word_1_254' title='bbox 362 2956 420 3006; x_wconf 89' lang='lat' dir='ltr'><strong>et</strong></span> <span class='ocrx_word' id='word_1_255' title='bbox 453 2949 744 3024; x_wconf 88' lang='lat' dir='ltr'><strong>aequalem</strong></span> <span class='ocrx_word' id='word_1_256' title='bbox 779 2957 1106 3025; x_wconf 87' lang='lat' dir='ltr'><strong>temporum</strong></span> <span class='ocrx_word' id='word_1_257' title='bbox 1141 2949 1386 3021; x_wconf 90' lang='lat' dir='ltr'><strong>illorum,</strong></span> <span class='ocrx_word' id='word_1_258' title='bbox 1412 2969 1540 3007; x_wconf 89' lang='lat' dir='ltr'><strong>cum</strong></span> <span class='ocrx_word' id='word_1_259' title='bbox 1571 2968 1893 3026; x_wconf 82' lang='lat' dir='ltr'><strong>praegnans</strong></span> 
     </span>
     <span class='ocr_line' id='line_1_37' title="bbox 209 3026 1893 3103; baseline 0.002 -19"><span class='ocrx_word' id='word_1_260' title='bbox 209 3028 362 3084; x_wconf 91' lang='lat' dir='ltr'><strong>hunc</strong></span> <span class='ocrx_word' id='word_1_261' title='bbox 389 3028 580 3103; x_wconf 91' lang='lat' dir='ltr'><strong>ipsum</strong></span> <span class='ocrx_word' id='word_1_262' title='bbox 602 3026 949 3103; x_wconf 86' lang='lat' dir='ltr'><strong>Dionysium</strong></span> <span class='ocrx_word' id='word_1_263' title='bbox 979 3029 1107 3084; x_wconf 86' lang='lat' dir='ltr'><strong>alvo</strong></span> <span class='ocrx_word' id='word_1_264' title='bbox 1137 3030 1470 3099; x_wconf 88' lang='lat' dir='ltr'><strong>contineret,</strong></span> <span class='ocrx_word' id='word_1_265' title='bbox 1496 3029 1804 3086; x_wconf 89' lang='lat' dir='ltr'><strong>somniavit</strong></span> <span class='ocrx_word' id='word_1_266' title='bbox 1833 3050 1893 3088; x_wconf 87' lang='lat' dir='ltr'><strong>se</strong></span> 
     </span>
     <span class='ocr_line' id='line_1_38' title="bbox 209 3105 1891 3185; baseline 0.002 -23"><span class='ocrx_word' id='word_1_267' title='bbox 209 3107 496 3184; x_wconf 89' lang='lat' dir='ltr'><strong>peperisse</strong></span> <span class='ocrx_word' id='word_1_268' title='bbox 515 3105 883 3182; x_wconf 86' lang='lat' dir='ltr'><strong>Satyriscum.</strong></span> <span class='ocrx_word' id='word_1_269' title='bbox 942 3108 1097 3164; x_wconf 90' lang='lat' dir='ltr'><strong>Huic</strong></span> <span class='ocrx_word' id='word_1_270' title='bbox 1117 3108 1453 3184; x_wconf 88' lang='lat' dir='ltr'><strong>interpretes</strong></span> <span class='ocrx_word' id='word_1_271' title='bbox 1472 3116 1891 3185; x_wconf 89' lang='lat' dir='ltr'><strong>portentorum,</strong></span> 
     </span>
     <span class='ocr_line' id='line_1_39' title="bbox 212 3184 1894 3267; baseline 0.004 -25"><span class='ocrx_word' id='word_1_272' title='bbox 212 3187 310 3259; x_wconf 83' lang='lat' dir='ltr'><strong>qui</strong></span> <span class='ocrx_word' id='word_1_273' title='bbox 339 3185 613 3243; x_wconf 87' lang='lat' dir='ltr'><strong>Galeotae</strong></span> <span class='ocrx_word' id='word_1_274' title='bbox 641 3192 767 3242; x_wconf 91' lang='lat' dir='ltr'><strong>tum</strong></span> <span class='ocrx_word' id='word_1_275' title='bbox 795 3186 855 3241; x_wconf 90' lang='lat' dir='ltr'><strong>in</strong></span> <span class='ocrx_word' id='word_1_276' title='bbox 885 3184 1079 3243; x_wconf 88' lang='lat' dir='ltr'><strong>Sicilia</strong></span> <span class='ocrx_word' id='word_1_277' title='bbox 1105 3188 1566 3259; x_wconf 88' lang='lat' dir='ltr'><strong>nominabantur,</strong></span> <span class='ocrx_word' id='word_1_278' title='bbox 1590 3190 1894 3267; x_wconf 63' lang='lat' dir='ltr'><strong>responde«</strong></span> 
     </span>
    </p>
   </div>
  </div>
 </body>
</html>
