2205 3431
253 159 317 204 48
699 154 797 202 DE
831 153 1132 202 NATURA
1168 152 1487 202 DEORUM.

252 254 543 315 explicatur.
617 251 818 299 Tertiae
855 250 966 298 huic
1007 250 1354 312 disputationis
1395 253 1524 315 parti
1563 253 1801 303 subicitur
1834 265 1941 303 tan-

252 320 365 367 dem
390 333 462 378 ea,
486 333 615 380 quae
637 317 785 364 istam
811 324 1003 364 tantam
1029 330 1191 363 rerum
1221 316 1528 365 molitionem
1553 318 1767 367 hominis
1790 336 1941 369 causa

253 385 435 431 factam
459 398 566 431 esse
590 383 913 439 demonstrat,
937 380 1296 444 hominumque
1318 384 1593 432 commodis
1613 385 1817 434 mirifice
1834 403 1943 435 esse

251 466 282 496 u
304 450 397 497 deo
421 449 685 510 provisum,
707 447 758 495 id
781 447 911 509 quod
937 455 1174 508 quattuor
1196 449 1497 507 argumentis
1517 449 1586 507 fit,
1609 464 1815 512 quorum
1842 453 1942 514 pri-

251 530 387 562 mum
412 514 616 562 ductum
641 522 715 561 est
739 528 769 560 a
792 513 1008 573 eorporis
1031 512 1239 560 humani
1262 522 1524 574 structura,
1547 514 1756 563 alterum
1779 533 1810 563 a
1832 533 1942 579 per-

253 580 543 628 fectionibus
562 579 734 637 animi,
756 577 955 626 tertium
973 578 1036 624 ab
1054 578 1288 637 utilitate,
1307 593 1456 641 quam
1481 595 1557 627 res
1576 596 1687 628 cum
1706 581 1941 631 caelestes

251 655 356 693 tum
383 653 637 692 terrestres
667 644 947 691 bominibus
976 643 1220 699 adferant,
1247 654 1475 706 quartum
1506 644 1717 708 denique
1742 648 1806 694 ab
1833 648 1941 696 illu-

251 712 442 769 strium,
460 710 635 771 quibus
650 709 700 756 di
716 708 1065 768 consuluerint,
1086 709 1341 756 hominum
1357 711 1612 772 exemplis
1627 715 1935 773 cap.·33-(36,

252 776 281 834 ἓ
311 778 523 824 83-167.
598 775 827 837 Denique
861 775 995 823 brevi
1024 775 1333 837 peroratione
1367 775 1696 837 concluditur,
1721 792 1827 840 cap.
1854 781 1934 840 67,

335 968 379 1026 Ι.
430 974 480 1026 1.
518 966 677 1037 Quae
713 988 842 1025 eum
879 967 1055 1025 Cotta
1087 967 1341 1039 dixisset,
1362 975 1488 1025 tum
1518 968 1805 1028 Velleius:
1850 972 1941 1029 Ne

253 1068 379 1126 ege,
411 1049 617 1126 inquit,
651 1049 929 1118 incautuS,
957 1049 1055 1125 qui
1089 1068 1220 1105 cum
1255 1048 1606 1106 Academico
1642 1058 1699 1107 et
1734 1053 1937 1109 eodem

252 1129 481 1186 rhetore
511 1129 783 1205 congredi
814 1136 1051 1186 conatus
1081 1129 1223 1186 siml
1307 1128 1458 1185 Nam
1494 1149 1678 1206 neque
1708 1131 1943 1189 indiser-

252 1218 377 1266 tum
409 1209 825 1265 Academicum
860 1209 1283 1284 pertimuissem
1317 1228 1423 1266 nee
1457 1210 1578 1266 sine
1611 1210 1722 1267 ista
1753 1212 1941 1289 philo-

253 1288 459 1366 sophia
492 1289 777 1346 rhetorem
816 1289 1075 1365 quamvis
1117 1288 1515 1365 eloquentem:
1558 1309 1742 1367 neque
1785 1293 1940 1348 enim

252 1369 489 1426 flumine
533 1368 845 1426 conturbor
879 1369 1135 1425 inanium
1170 1369 1473 1425 verborum
1515 1389 1619 1426 nec
1663 1371 1942 1429 subtilita-

252 1459 309 1507 te
339 1450 768 1519 sententiarum,
790 1449 837 1504 si
867 1448 1142 1505 orationis
1172 1456 1256 1505 est
1286 1449 1523 1507 siccitas.
1609 1450 1696 1506 Tu
1727 1459 1939 1524 autem,

252 1530 442 1601 Cotta,
469 1536 708 1605 utraque
746 1548 806 1586 re
836 1528 1096 1586 valuisti:
1142 1548 1353 1585 corona
1380 1529 1488 1586 tibi
1516 1537 1574 1587 et
1603 1530 1818 1588 iudices
1847 1533 1943 1589 de-

252 1611 503 1668 fuerunt.
592 1609 707 1667 Sed
753 1609 824 1666 ad
861 1610 970 1665 ista
1011 1609 1181 1666 alias:
1225 1628 1378 1666 nunc
1412 1609 1712 1681 Lucilium,
1746 1612 1791 1668 si
1827 1612 1938 1687 ipsi

254 1691 625 1750 commodum
664 1697 764 1761 est,
787 1689 1101 1747 audiamus
1191 1695 1243 1746 2.
1281 1688 1432 1746 Tum
1465 1689 1715 1749 Balbus:
1791 1693 1942 1750 Eun-

253 1773 386 1829 dem
421 1772 689 1849 equidem
716 1771 957 1827 ·mallem
993 1770 1188 1827 audire
1224 1770 1473 1842 Cottam,
1499 1771 1655 1842 dum,
1682 1792 1794 1849 qua
1827 1773 1940 1829 elo-

254 1853 488 1928 quentia
536 1851 712 1909 falsos
761 1851 899 1908 deos
949 1851 1195 1920 sustulit,
1233 1851 1431 1907 eadem
1477 1871 1640 1908 veros
1684 1853 1935 1911 inducat.

251 1933 355 1990 Est
402 1932 556 1990 enim
602 1940 659 1989 et
704 1930 1038 2007 philosophi
1083 1938 1142 1988 et
1186 1930 1475 2007 pontificis
1516 1939 1574 1989 et
1615 1932 1820 1990 Cottae
1864 1933 1938 1990 de

251 2012 340 2068 dis
378 2011 797 2069 immortalibus
833 2010 1039 2068 habere
1073 2030 1191 2066 non
1227 2020 1504 2068 errantem
1542 2018 1599 2068 et
1626 2032 1847 2089 vagam,
1869 2022 1937 2071 ut

253 2093 602 2164 Academici,
622 2092 737 2163 sed,
760 2099 825 2149 ut
847 2092 1046 2161 nostri,
1069 2089 1328 2147 stabilem
1361 2098 1687 2169 certamque
1716 2102 1938 2151 senten-

252 2173 408 2230 tiam.
495 2173 644 2229 Nam
677 2179 877 2229 eontra
897 2171 1210 2248 Epicurum
1244 2172 1380 2227 satis
1409 2191 1688 2249 superque
1717 2173 1935 2230 dietum

253 2261 353 2311 cst.
440 2253 554 2311 Sed
589 2253 768 2310 haveo
812 2252 1009 2309 audire
1042 2258 1107 2308 tu
1143 2251 1282 2326 ipse,
1314 2253 1501 2321 Cotta,
1535 2253 1674 2328 quid
1707 2254 1933 2311 sentias.

252 2334 366 2405 An,
403 2332 860 2410 inquit,'oblitus
910 2351 969 2388 es
1017 2331 1158 2408 quid
1203 2332 1370 2386 initio
1417 2331 1674 2402 dixerim,
1712 2333 1939 2390 facilius

255 2434 360 2483 me,
392 2414 602 2471 talibus
636 2413 969 2489 praesertim
1007 2412 1079 2468 de
1116 2410 1298 2480 rebuS,
1333 2411 1469 2484 quid
1506 2431 1620 2468 non
1665 2414 1935 2470 sentirem

254 2514 426 2570 quam
470 2493 609 2571 quid
644 2494 909 2550 sentirem
948 2512 1115 2569 posse
1159 2492 1377 2548 dicere?
1460 2498 1511 2548 3.
1558 2490 1729 2560 Quod
1763 2494 1808 2549 si
1843 2493 1940 2549 ha-

254 2574 444 2631 berem
479 2574 697 2651 aliquid
727 2574 881 2650 quod
911 2573 1170 2650 liqueret,
1195 2580 1386 2628 tamen
1416 2579 1474 2629 te
1503 2572 1751 2629 vicissim
1782 2574 1938 2629 audi-

254 2674 311 2710 re
342 2655 559 2723 vellem,
585 2674 713 2711 eum
747 2654 866 2730 ipse
896 2661 1014 2710 tam
1045 2653 1229 2710 multa
1258 2652 1542 2710 dixissem.
1628 2652 1779 2709 Tum
1808 2652 1940 2710 Bal·

253 2733 390 2790 bus:
436 2735 642 2791 Geram
678 2733 785 2790 tibi
821 2753 1039 2790 morem
1084 2741 1143 2790 et
1184 2752 1346 2809 agam
1395 2752 1565 2810 quam
1607 2732 1938 2790 brevissime

254 2823 489 2889 potero:
535 2815 747 2870 etenim
777 2814 1054 2870 convictis
1082 2812 1318 2889 Epicuri
1349 2812 1632 2870 erroribus
1661 2813 1834 2889 longa
1866 2814 1938 2870 de

254 2914 381 2950 mea
409 2893 797 2970 disputatione
827 2893 1081 2950 detracta
1110 2894 1292 2950 oratio
1328 2901 1428 2950 est.
1514 2893 1769 2951 Omnino
1799 2893 1940 2949 divi-

255 2974 403 3030 dunt
437 2973 617 3029 nostri
650 2981 833 3029 totam
871 2974 1038 3029 istam
1082 2972 1154 3029 de
1197 2973 1285 3029 dis
1320 2974 1740 3031 immortalibus
1776 2991 1942 3050 quae-

256 3054 501 3109 stionem
545 3054 604 3108 in
651 3059 839 3128 partes
885 3059 1170 3129 quattuor.
1257 3052 1517 3109 Primum
1563 3054 1775 3111 docent
1819 3073 1941 3111 esse

257 3133 411 3198 deOS‚
449 3132 655 3188 deinde
700 3133 892 3208 quales
941 3133 1073 3200 sint,
1110 3139 1235 3189 tum
1285 3133 1565 3189 mundum
1609 3134 1680 3191 ab
1722 3135 1795 3191 iis
1846 3135 1942 3192 ad·

256 3213 582 3281 ministrari,
619 3221 908 3287 postremo
958 3212 1249 3269 consulere
1301 3233 1398 3268 eos
1444 3214 1610 3270 rebus
1653 3215 1937 3282 humanis,
