2205 3431
211 101 275 147 28
657 99 755 146 DE
791 98 1089 147 NATURA
1125 97 1447 147 DEORUM.

211 198 906 275 innumerabilitatemque
948 199 1314 269 mundorum,
1353 217 1552 255 eorum
1602 205 1776 269 ortUS,
1813 198 1901 254 in-

210 280 431 348 teritus,
458 279 652 334 omnia
678 279 816 349 fere,
843 278 1050 354 quibus
1090 285 1326 335 naturae
1359 279 1507 335 ratio
1550 279 1894 335 continetur.

212 358 382 416 Nunc
412 359 558 416 istuc
589 359 749 435 quasi
778 378 985 434 corpus
1006 366 1066 415 et
1094 358 1257 434 quasi
1285 358 1621 431 sanguinem
1653 358 1828 435 quid
1815 378 1899 414 ln-

211 438 470 516 tellegis²
555 438 645 495 74.
690 437 818 509 Ego
861 439 1011 494 enim
1050 445 1108 495 te
1151 438 1292 495 scire
1332 438 1445 494 ista
1475 438 1681 495 melius
1723 458 1896 515 quam

211 539 303 576 me
338 539 454 575 non
489 518 676 575 fateor
717 518 918 588 solum,
945 518 1045 575 sed
1078 518 1251 574 etiam
1287 517 1455 575 facile
1496 519 1719 595 patior.
1762 538 1895 575 cum

213 598 445 674 quidem
477 597 649 655 semel
679 598 833 655 dicta
866 605 1015 668 sunt,
1042 598 1181 674 quid
1217 606 1303 654 cst
1339 598 1496 674 quod
1524 598 1779 657 Velleius
1812 600 1897 654 in-

184 679 478 754 ‘tellegere
520 678 717 755 possit,
749 678 925 735 Cotta
964 697 1082 734 non
1125 678 1345 754 possit?
1443 677 1646 755 Itaque
1689 697 1897 755 corpus

213 759 352 834 quid
395 758 484 828 sit,
511 758 742 834 sanguis
786 758 925 835 quid
968 758 1043 815 sit
1084 757 1374 834 intellege,
1401 759 1563 835 quasi
1597 778 1803 835 corpus
1837 767 1896 814 et

213 838 374 914 quasi
404 839 636 914 sanguis
666 838 805 914 quid
839 839 913 894 sit
947 837 1105 896 nullo
1134 857 1365 914 prorsus
1399 838 1575 895 modo
1604 838 1890 916 intellego,

212 917 414 995 Neque
437 925 499 975 tu
525 938 616 975 me
639 918 800 988 celaS,
822 925 888 975 ut
909 917 1271 994 Pythagoras
1294 918 1513 975 solebat
1534 918 1765 988 alienOS,
1791 937 1893 974 nec

212 999 474 1056 consulto
498 998 641 1055 dicis
664 997 884 1055 occult-e
907 1006 1203 1074 tamquam
1227 997 1569 1069 HeraclituS,
1596 999 1711 1068 sed,
1739 998 1894 1074 quod

212 1078 362 1135 inter
402 1098 508 1134 nos
541 1078 724 1149 liceat,
750 1098 821 1135 ne
861 1086 925 1136 tu
970 1078 1203 1154 quidem
1247 1077 1547 1155 intellegis,
1633 1077 1890 1136 XXVII.

215 1158 306 1214 75.
347 1157 496 1215 Illud
526 1158 692 1215 video
735 1177 990 1234 pugnare
1031 1166 1106 1226 te,
1139 1158 1355 1234 species
1397 1167 1462 1215 ut
1505 1158 1786 1235 quaedam
1820 1159 1895 1215 sit

211 1238 467 1302 deorum,
495 1257 638 1315 quae
666 1237 810 1294 nihil
838 1239 1089 1295 concreti
1118 1238 1340 1307 habeat,
1368 1238 1510 1295 nihil
1540 1238 1725 1309 solidi,
1749 1237 1894 1294 nihil

212 1319 477 1394 expressi,
500 1317 645 1374 nihil
665 1318 985 1389 eminentiS,
1009 1318 1194 1395 sitque
1216 1337 1374 1394 pura,
1397 1318 1550 1388 leviS,
1572 1318 1891 1395 perlucida:

213 1399 470 1455 dicemus
497 1398 675 1474 igitur
702 1398 856 1455 idem
892 1398 1048 1474 quod
1076 1399 1136 1454 in
1166 1398 1390 1455 Venere
1424 1398 1561 1467 Coa,
1594 1417 1800 1475 corpus
1834 1397 1895 1453 il-

212 1477 313 1535 lud
358 1497 475 1534 non
520 1484 622 1549 est,
660 1478 761 1535 sed
806 1478 990 1535 simile
1035 1479 1305 1554 corporiS,
1342 1498 1446 1535 nec
1491 1479 1584 1535 ille
1629 1479 1792 1535 fusus
1837 1486 1895 1535 et

214 1559 460 1616 candore
488 1559 704 1616 mixtus
732 1558 908 1614 rubor
935 1559 1166 1632 sanguis
1195 1566 1296 1628 est,
1324 1558 1423 1615 sed
1460 1558 1734 1634 quaedam
1774 1578 1896 1614 san-

213 1639 406 1714 guinis
448 1638 801 1696 similitudo:
848 1639 927 1694 sic
962 1639 1019 1694 in
1057 1638 1339 1714 Epicureo
1374 1638 1483 1694 deo
1519 1658 1634 1694 non
1664 1658 1769 1708 reS,
1795 1638 1896 1695 scd

214 1720 620 1777 similitudines
661 1739 849 1776 rerum
884 1739 1019 1776 esse.
1107 1719 1217 1776 Fac
1247 1719 1324 1788 id,
1352 1719 1506 1795 quod
1535 1739 1607 1776 ne
1640 1718 1896 1795 intellegi

215 1800 447 1875 quidem
471 1807 678 1875 potest,
703 1799 847 1856 mihi
876 1814 995 1856 esse
1024 1818 1387 1875 persuasum:
1424 1800 1565 1856 cedo
1589 1799 1733 1856 mihi
1763 1801 1897 1856 isto-

212 1900 241 1935 1·
245 1900 340 1936 um
361 1879 826 1936 adumbratorum
848 1879 1083 1936 deorum
1105 1879 1449 1936 lineamenta
1470 1888 1640 1957 atque
1658 1880 1754 1936 for
1758 1900 1892 1937 mas,

218 1962 308 2017 76.
355 1959 489 2016 Non
524 1960 684 2016 deest
717 1959 827 2016 hoc
861 1958 988 2016 loco
1023 1960 1191 2035 copia
1223 1960 1529 2028 rationum,
1557 1960 1764 2037 quibus
1798 1960 1897 2016 do-

214 2060 339 2097 cere
370 2039 556 2096 velitis
588 2039 866 2095 humanas
907 2059 1027 2096 6886
1061 2040 1279 2095 formas
1312 2039 1580 2097 deorum:
1624 2040 1892 2117 primum,

216 2120 372 2197 quod
412 2120 495 2177 ita
537 2119 611 2176 sit
651 2120 1029 2176 informatum
1071 2120 1564 2196 anticipatumque
1606 2120 1896 2177 mentibus

214 2200 440 2270 nostriS,
462 2206 526 2256 ut
555 2199 793 2269 homini,
819 2219 949 2256 cum
979 2199 1050 2256 de
1080 2199 1190 2255 deo
1225 2200 1458 2275 cogitet,
1483 2201 1673 2257 forma
1706 2220 1896 2257 occur-

213 2289 303 2338 rat
330 2280 609 2337 humana:
655 2279 878 2350 deinde,
906 2273 1076 2355 quod,
1101 2280 1374 2355 quoniam
1418 2280 1598 2337 rebus
1628 2280 1896 2337 omnibus

215 2361 453 2418 excellat
483 2369 685 2416 natura
718 2360 927 2428 duma,
953 2360 1143 2416 forma
1177 2379 1405 2436 quoque
1440 2380 1560 2417 esse
1589 2359 1896 2437 pulcherri-

215 2461 310 2497 ma
328 2440 547 2509 debeat,
569 2460 673 2496 nec
697 2459 816 2496 6886
839 2440 1090 2496 humana
1113 2439 1285 2496 ullam
1310 2440 1710 2517 pulchriorem.
1763 2440 1895 2497 Ter-

215 2521 355 2577 tiam
386 2521 665 2578 rationem
698 2520 953 2589 adfertiS‚
981 2519 1136 2595 quod
1172 2521 1326 2576 nulla
1353 2520 1412 2576 in
1443 2521 1552 2577 alia
1584 2520 1765 2596 figura
1798 2519 1897 2577 do-

214 2601 494 2658 micilium
542 2601 753 2657 mentis
808 2619 928 2657 6886
978 2600 1176 2676 possit.
1275 2600 1365 2657 77.
1408 2600 1670 2657 Primum
1719 2601 1897 2677 igitur

217 2681 467 2758 quidque
490 2681 913 2738 consideremus
936 2680 1099 2757 quale
1123 2680 1211 2737 sit.
1269 2681 1552 2757 Adripere
1576 2682 1728 2738 enim
1750 2680 1896 2737 mihi

217 2762 492 2818 videmini
522 2762 681 2837 quasi
712 2768 899 2817 vestro
930 2761 1049 2818 iure
1083 2780 1203 2817 rem
1239 2760 1396 2820 nullo
1427 2761 1600 2818 modo
1634 2760 1896 2837 probabi-

216 2842 344 2898 lem.
425 2841 679 2899 Omnino
711 2842 838 2917 quis
866 2848 983 2897 tam
1015 2860 1214 2897 caecus
1242 2841 1301 2897 in
1332 2841 1789 2917 contemplandis
1817 2861 1898 2898 re-

216 2922 323 2978 bus
351 2940 623 2997 umquam
656 2921 789 2989 fuit,
814 2928 879 2977 ut
907 2939 1024 2977 non
1053 2921 1272 2977 videret
1307 2922 1522 2997 species
1551 2922 1687 2978 istas
1718 2922 1898 2977 homi-

217 3021 356 3057 num
380 3001 613 3058 collatas
633 3001 692 3056 in
724 3001 861 3057 deos
883 3008 981 3057 aut
1000 3001 1239 3057 consilio
1261 3002 1506 3077 quodam
1533 3003 1894 3077 sapientium,

220 3101 333 3158 quo
363 3081 587 3137 facilius
616 3080 838 3137 animos
865 3080 1264 3155 imperitorum
1299 3081 1372 3137 ad
1407 3081 1642 3137 deorum
1679 3081 1896 3137 cult-um

219 3181 253 3219 a
286 3161 434 3218 vitae
476 3161 755 3237 pravitate
798 3167 1208 3232 converterent,
1239 3169 1340 3218 aut
1382 3162 1801 3237 superstitione,
1833 3170 1899 3218 ut
