2205 3431
549 165 686 214 LIB.
705 165 800 225 ΙΙ.,
825 164 980 214 CAP.
1001 165 1388 226 XIV.-xvlr.,
1414 167 1442 228 ξ
1465 167 1644 215 33-38.
1846 169 1943 216 209

260 267 382 327 Ubi
429 267 608 343 igitur
654 266 783 323 illae
833 266 1023 322 minae
1073 266 1431 342 superiorum
1481 268 1786 324 extorum?
1844 275 1944 325 aut

260 367 404 425 quae
431 354 551 402 tam
583 345 773 403 subito
802 344 956 402 facta
984 352 1071 402 est
1098 345 1336 402 deorum
1365 353 1526 402 tanta
1553 346 1836 422 placatio?

339 425 506 483 XVI.
553 425 666 482 Sed
701 425 892 481 adfers
926 425 985 481 in
1020 426 1170 482 tauri
1206 425 1384 501 opimi
1421 427 1566 482 extis
1607 426 1941 483 immolante

259 506 499 563 Caesare
529 524 625 562 cor
653 523 771 560 non
802 504 1013 561 fuisse:
1056 505 1120 560 id
1149 505 1282 581 quia
1308 524 1424 561 non
1450 506 1702 581 potuerit
1730 507 1943 562 accide-

259 606 336 657 re,
362 593 427 643 ut
456 585 576 642 sine
605 584 775 641 corde
804 584 1037 641 victima
1057 584 1156 640 illa
1176 585 1404 655 viveret,
1430 584 1795 642 iudicandum
1822 605 1941 642 esse

259 674 385 722 tum
414 664 673 722 interisse
708 683 821 734 cor,
848 683 978 720 cum
1000 662 1416 737 immolaretur.
1504 664 1595 721 37.
1642 663 1755 732 Qui
1783 664 1849 721 fit
1876 672 1942 722 ut

259 745 501 801 alterum
528 742 843 819 intellegaS‚
870 744 990 800 sine
1019 743 1191 800 corde
1213 763 1329 799 non
1359 744 1612 820 potuisse
1635 743 1840 801 bovem
1862 745 1942 801 vi-

259 827 405 895 vere,
431 823 671 880 alterum
698 842 816 879 non
847 823 1056 894 videaS,
1081 842 1180 880 cor
1201 823 1390 880 subito
1420 842 1536 879 non
1565 824 1820 899 potuisse
1847 844 1942 881 ne-

260 905 379 959 scio
423 923 537 979 quo
587 901 846 959 avolare?
928 902 1054 979 Ego
1106 903 1256 959 enim
1306 923 1539 979 possum
1591 903 1677 960 vel
1726 905 1940 961 nescire

261 1003 405 1059 quae
434 983 519 1038 vis
548 983 623 1039 sit
651 982 838 1039 cordis
866 982 939 1039 ad
968 982 1273 1039 vivendum
1306 983 1390 1039 vel
1422 983 1696 1059 suspicari
1720 991 1942 1040 contac-

257 1070 384 1119 tum
420 1062 611 1139 aliquo
644 1061 849 1118 morbo
878 1061 1042 1119 bovis
1075 1062 1220 1119 exile
1254 1069 1311 1119 et
1339 1063 1609 1138 exiguum
1639 1070 1697 1119 et
1725 1063 1941 1120 vietum

260 1162 361 1199 cor
394 1148 452 1198 et
485 1141 761 1198 dissimile
795 1142 982 1198 cordis
1015 1141 1208 1198 fuisse.
1291 1141 1377 1198 Tu
1417 1161 1549 1198 vero
1594 1143 1733 1218 quid
1767 1143 1946 1200 habes*

261 1241 374 1298 qua
400 1241 460 1278 re
487 1230 671 1298 puteS,
697 1221 745 1277 si
767 1220 937 1296 paulo
966 1228 1098 1278 ante
1128 1241 1226 1277 cor
1252 1221 1426 1278 fuerit
1449 1222 1507 1277 in
1531 1229 1693 1278 tauro
1724 1223 1937 1299 opim0,

260 1302 453 1358 subito
487 1301 597 1358 id
583 1320 643 1357 ln
677 1302 802 1376 ipsa
835 1301 1228 1358 immolatione
1262 1301 1557 1357 interisse?
1638 1301 1752 1371 An,
1785 1303 1942 1378 quod

261 1382 484 1457 aspexit
531 1381 739 1437 vestitu
785 1399 1070 1457 purpureo
1123 1380 1418 1437 excordem
1473 1380 1787 1450 Caesarem,
1819 1382 1941 1458 ipse

261 1460 433 1518 corde
465 1461 719 1537 privatus
754 1461 876 1517 est·²
957 1459 1178 1517 Urbem
1213 1459 1627 1536 philosophiae,
1653 1425 1795 1516 mih'i
1830 1480 1943 1518 cre-

263 1541 351 1611 de,
376 1540 637 1616 proditiS,
662 1540 801 1596 dum
832 1540 1059 1596 castella
1080 1539 1407 1596 defenditis,
1494 1540 1661 1610 Nam,
1687 1539 1825 1596 dum
1848 1540 1942 1597 ha-

261 1621 609 1696 ruspicinam
653 1639 840 1676 veram
889 1638 1008 1676 esse
1054 1619 1243 1690 vultiS,
1283 1619 1707 1696 physiologiam
1757 1626 1940 1676 totam

261 1700 601 1779 pervertitis,
687 1699 877 1777 Caput
919 1706 1005 1757 est
1037 1699 1097 1756 in
1134 1699 1331 1770 iecore,
1370 1719 1468 1756 cor
1500 1699 1559 1756 in
1603 1700 1779 1757 extis:
1825 1700 1941 1756 iam

263 1780 545 1853 abscedet,
572 1780 739 1837 simul
769 1800 832 1837 ac
862 1780 1070 1836 molam
1102 1786 1161 1836 et
1188 1779 1383 1836 vinum
1407 1780 1770 1856 insperseris:
1802 1780 1942 1837 deus

264 1862 326 1918 id
355 1862 574 1938 eripiet,
596 1861 681 1917 vis
710 1859 899 1936 aliqua
925 1859 1189 1917 conficiet
1218 1868 1315 1917 aut
1347 1861 1562 1916 exedet.
1648 1859 1781 1916 Non
1805 1879 1940 1936 ergo

264 1941 522 1997 omnium
546 1941 812 1998 interitus
839 1947 1009 2016 atque
1033 1940 1225 1996 obitus
1248 1947 1449 1996 natura
1471 1939 1733 1996 conficiet
1756 1947 1813 1997 et
1835 1941 1943 1997 erit

263 2021 479 2097 aliquid
502 2021 658 2098 quod
675 2027 775 2078 aut
798 2039 866 2077 ex
888 2019 1066 2076 nihilo
1091 2020 1306 2075 oriatur
1326 2027 1425 2076 aut
1446 2020 1504 2075 in
1530 2019 1767 2076 nihilum
1795 2020 1943 2077 subi-

262 2108 325 2158 to
344 2100 581 2158 occidat.
646 2100 789 2169 Quis
808 2100 917 2156 hoc
936 2099 1208 2176 physicus
1225 2099 1371 2156 dixit
1393 2119 1658 2176 umquam
1675 2101 1694 2156 3
1759 2100 1943 2157 Haru-

264 2180 446 2256 spices
481 2181 696 2238 dicunt.
773 2180 886 2236 His
915 2179 1090 2252 icritur
1122 2197 1291 2255 quam
1320 2178 1573 2254 physicis
1604 2180 1797 2254 potius
1830 2199 1943 2236 cre-

264 2259 516 2317 dendum
537 2260 857 2316 existimas?
922 2227 1120 2317 XVII.
1192 2264 1283 2315 38.
1316 2256 1504 2325 Quid?
1537 2277 1667 2314 cum
1686 2258 1943 2334 pluribus

264 2339 354 2396 dis
382 2339 726 2409 immolatur,
745 2340 844 2416 qui
871 2339 1107 2396 tandem
1139 2338 1327 2395 evenit
1348 2345 1413 2394 ut
1443 2337 1637 2394 litetur
1657 2338 1796 2409 aliis,
1818 2338 1942 2394 aliis

263 2438 380 2476 non
404 2419 630 2476 litetur?
704 2418 862 2487 Quae
885 2427 1075 2475 autem
1094 2418 1479 2475 inconstantia
1495 2418 1732 2475 deorum
1756 2425 1855 2489 est,
1878 2425 1943 2475 ut

263 2499 466 2576 primis
485 2499 778 2555 minentur
799 2499 960 2568 extiS‚
986 2498 1131 2555 bene
1152 2499 1495 2575 promittant
1517 2498 1811 2555 secundis?
1845 2505 1942 2555 aut

262 2586 426 2635 tanta
451 2579 602 2636 inter
630 2597 726 2635 eos
754 2578 1048 2647 dissensiO,
1070 2597 1238 2653 saepe
1267 2578 1437 2635 etiam
1461 2578 1610 2634 inter
1632 2578 1939 2653 proximOS‚

265 2664 330 2714 ut
351 2658 639 2735 Apollinis
661 2664 791 2715 exta
812 2658 963 2714 bona
991 2658 1121 2727 sint,
1142 2657 1363 2714 Dianae
1385 2677 1502 2713 non
1523 2657 1707 2714 bona?
1788 2656 1944 2725 Quid

264 2745 351 2794 est
384 2746 502 2794 tam
536 2738 898 2814 perspicuum
936 2756 1125 2814 quam,
1151 2757 1281 2794 cum
1316 2738 1561 2794 fortuito
1596 2737 1815 2793 hostiae
1849 2737 1944 2793 ad·

265 2817 561 2887 ducantur,
581 2818 718 2874 talia
738 2817 944 2893 cuique
973 2823 1104 2873 exta
1125 2837 1260 2886 esse,
1284 2817 1465 2893 qualis
1494 2817 1697 2893 cuique
1728 2816 1943 2893 obtige-

264 2898 340 2953 rit
373 2897 597 2954 hostiass
670 2897 754 2954 At
783 2898 932 2954 enim
969 2897 1031 2953 id
1060 2897 1250 2973 ipsum
1286 2896 1459 2953 habet
1492 2897 1708 2974 aliquid
1743 2897 1939 2968 divini,

266 2996 410 3052 quae
452 2978 657 3054 cuique
694 2977 884 3033 hostia
925 2976 1204 3052 obtingat,
1236 2983 1531 3052 tamquam
1575 2977 1634 3034 in
1677 2977 1939 3047 sortibuS,

267 3076 410 3132 quae
440 3057 531 3113 cui
553 3057 807 3114 ducatur.
878 3056 1014 3112 Mox
1045 3056 1117 3112 de
1147 3056 1409 3113 sortibus,
1488 3056 1845 3135 Quamquam
1877 3064 1940 3114 tu

266 3136 494 3212 quidem
532 3156 647 3192 non
683 3137 1000 3193 hostiarum
1035 3155 1228 3191 casum
1271 3135 1572 3193 confirmas
1606 3139 1843 3194 sortium
1874 3138 1942 3192 si-

263 3215 606 3286 militudine,
632 3216 732 3272 sed
765 3215 1016 3271 infirmas
1058 3223 1239 3272 sortes
1272 3215 1573 3272 collatione
1607 3216 1936 3273 hostiarum.

2025 3259 2112 3323 f
