2205 3431
263 141 355 191 186
775 140 876 188 DE
914 139 1415 189 DIVINATIONE.

258 240 618 299 convinceret
659 241 1096 318 ostenderetque
1140 241 1312 298 etiam
1347 239 1775 316 philosophum,
1801 239 1850 297 si
1883 240 1938 301 ei

256 321 625 378 commodum
680 327 842 391 esset,
886 321 1189 396 pecuniam
1239 321 1425 376 facere
1473 339 1656 396 posse,
1702 338 1937 376 omnem

256 401 456 472 oleam,
482 408 613 457 ante
657 420 827 476 quam
869 399 1068 456 florere
1111 400 1409 476 coepisset,
1436 399 1496 455 in
1537 418 1673 474 agro
1709 398 1937 456 Milesio

254 481 532 538 coemisse
563 480 786 537 dicitur.
860 485 991 537 112.
1016 479 1517 536 Animadverterat
1537 480 1779 535 fortasse
1803 499 1937 554 qua-

253 561 389 618 darn
431 562 668 617 scientia
709 560 962 616 olearum
1002 559 1322 616 ubertatem
1364 559 1503 615 fore.
1589 558 1666 614 Et
1700 558 1936 633 quidem

253 641 407 698 idem
450 641 668 716 primus
711 639 1092 695 defectionem
1139 637 1292 708 soliS,
1329 658 1472 715 quae
1514 637 1772 713 Astyage
1813 657 1937 714 reg-

157 749 162 758 ·
253 727 426 777 nante
447 720 602 776 facta
630 726 730 788 est,
753 718 1099 794 praedixisse
1128 718 1324 775 fertur.
1404 717 1466 774 L.
1494 717 1678 774 Multa
1704 717 1934 787 medici,

252 800 435 857 multa
465 799 889 876 gubernatoreS,
915 796 1197 874 agricolae
1239 798 1412 854 etiam
1455 796 1637 853 multa
1676 815 1937 873 praesen-

251 880 421 950 tiunt,
448 879 549 936 sed
575 879 790 935 nullam
819 897 1017 936 eorum
1047 878 1461 934 divinationem
1491 896 1652 947 voc0,
1676 896 1748 933 ne
1776 875 1936 933 illam

252 960 502 1036 quidem,
530 978 642 1036 qua
677 958 748 1015 ab
783 958 1215 1014 Anaximandro
1249 956 1492 1034 physico
1525 956 1736 1013 moniti
1768 955 1938 1014 Lace·

251 1039 540 1096 daemonii
575 1046 724 1108 sunt,
751 1045 815 1095 ut
849 1038 1049 1095 urbem
1082 1046 1143 1094 et
1174 1044 1327 1094 tecta
1359 1036 1682 1113 linquerent
1709 1037 1939 1093 armati-

253 1138 363 1194 que
397 1119 455 1174 in
489 1137 626 1194 agro
662 1117 1021 1188 excubarent,
1049 1117 1206 1194 quod
1232 1124 1415 1174 terrae
1449 1123 1642 1173 motus
1675 1116 1933 1187 instaret,

250 1206 394 1268 tum,
419 1216 547 1254 cum
585 1205 643 1255 et
677 1197 810 1254 urbs
842 1204 968 1254 tota
1001 1197 1215 1254 corruit
1249 1204 1307 1254 et
1339 1216 1408 1253 ex
1441 1203 1640 1253 monte
1673 1195 1937 1271 Taygeto

250 1285 502 1335 extrema
530 1278 745 1334 montis
774 1277 935 1354 quasi
963 1277 1176 1353 puppis
1204 1276 1398 1334 avulsa
1424 1284 1525 1333 est.
1610 1275 1700 1332 Ne
1728 1275 1937 1332 Phere-

250 1358 424 1433 cydes
458 1359 691 1435 quidem
725 1356 819 1414 ille
854 1357 1219 1433 Pythagorae
1253 1357 1526 1432 magister
1557 1355 1753 1432 potius
1794 1355 1939 1411 divi-

251 1457 358 1494 nus
405 1437 710 1494 habebitur
758 1456 929 1513 quam
979 1437 1269 1513 physicuS,
1309 1436 1481 1513 quod,
1518 1455 1650 1492 cum
1697 1434 1937 1492 vidisset

251 1517 513 1574 haustam
542 1536 748 1594 aquam
779 1517 851 1573 de
878 1517 1000 1593 iugi
1029 1523 1223 1592 pute0,
1246 1524 1428 1573 terrae
1455 1521 1649 1572 motus
1677 1515 1824 1571 dixit
1852 1514 1938 1571 in-

252 1604 413 1655 stare.
503 1603 632 1654 11⁴3.
672 1597 793 1653 Nec
823 1616 954 1653 vero
989 1615 1264 1673 umquam
1299 1596 1522 1652 animus
1554 1595 1806 1651 hominis
1839 1613 1937 1651 na-

250 1677 508 1736 turaliter
541 1677 776 1747 divinat,
802 1677 913 1734 nisi
947 1695 1078 1734 cum
1114 1677 1196 1733 ita
1229 1675 1447 1733 solutus
1489 1681 1576 1732 est
1610 1683 1670 1733 et
1702 1693 1932 1745 vacuUS,

250 1765 315 1815 ut
344 1760 396 1815 ei
419 1758 585 1835 plane
613 1758 756 1813 nihil
787 1758 863 1814 sit
890 1776 1021 1814 cum
1056 1776 1309 1834 corpore.
1378 1755 1551 1824 Quod
1579 1762 1677 1812 aut
1704 1754 1935 1812 vatibus

251 1839 537 1914 contingit
566 1844 664 1894 aut
693 1837 1127 1895 dormientibus
1197 1836 1398 1913 Itaque
1427 1855 1494 1892 ea
1520 1836 1635 1893 duo
1663 1853 1873 1911 genera
1900 1855 1935 1891 a

249 1917 601 1975 Dicaearcho
630 1917 946 1993 probantur
974 1923 1047 1987 et,
1073 1923 1140 1973 ut
1169 1916 1304 1987 dixi,
1330 1935 1364 1972 a
1391 1915 1669 1992 Cratippo
1699 1922 1932 1972 nostro:

252 1998 299 2054 si
340 2004 656 2074 propterea,
694 1997 850 2072 quod
891 2016 957 2053 ea
1004 1995 1441 2072 proficiscuntur
1488 2015 1522 2052 a
1568 2001 1785 2064 natura,
1818 1995 1936 2051 sint

252 2096 475 2134 summa
507 2096 655 2146 sane,
682 2077 857 2133 modo
892 2096 963 2133 ne
999 2075 1151 2133 sola:
1197 2076 1285 2132 sin
1319 2083 1510 2132 autem
1544 2074 1688 2131 nihil
1722 2093 1843 2131 esse
1871 2075 1934 2131 in

252 2156 646 2214 observatione
674 2163 897 2232 putant,
917 2155 1100 2212 multa
1128 2155 1355 2226 tollunt,
1378 2154 1585 2231 quibus
1606 2155 1756 2212 vitae
1784 2155 1934 2211 ratio

251 2238 591 2295 continetur.
685 2236 800 2293 Sed
843 2236 1116 2312 quoniam
1159 2235 1299 2292 dant
1340 2235 1558 2311 aliquid
1599 2234 1772 2311 idque
1812 2254 1934 2291 non

250 2337 489 2393 parvum
531 2316 966 2373 vaticinationes
1007 2335 1141 2372 cum
1183 2315 1436 2386 somniiS,
1459 2313 1605 2371 nihil
1646 2320 1734 2371 est
1777 2315 1936 2391 quod

251 2416 381 2454 cum
403 2397 493 2453 his
521 2415 731 2473 magno
755 2414 925 2471 opere
947 2414 1288 2472 pugnemuS,
1309 2395 1639 2471 praesertim
1663 2412 1794 2451 cum
1818 2395 1937 2451 sint

252 2477 348 2553 qui
373 2477 608 2533 omnino
630 2475 844 2531 nullam
867 2475 1281 2533 divinationem
1299 2475 1559 2551 probent.
1620 2479 1648 2529 1
1662 2478 1751 2531 14.
1776 2474 1936 2551 Ergo

251 2564 309 2614 et
339 2557 395 2627 ii,
423 2575 665 2633 quorum
694 2555 873 2612 animi
902 2555 1109 2631 spretis
1138 2554 1472 2631 corporibus
1506 2553 1733 2611 evolant
1760 2561 1937 2630 atque

251 2643 555 2694 excurrunt
582 2636 753 2706 foraS,
779 2635 978 2692 ardore
1007 2634 1200 2712 aliquo
1230 2634 1571 2691 inflammati
1597 2641 1769 2711 atque
1797 2634 1938 2691 inci-

251 2718 358 2774 tati
385 2722 625 2774 cernunt
651 2716 750 2772 illa
775 2715 1056 2792 profectO,
1083 2734 1228 2791 quae
1255 2714 1631 2772 vaticinantes
1657 2732 1940 2790 praenun-

251 2797 414 2867 tiant,
437 2795 747 2873 multisque
779 2795 949 2852 rebus
977 2794 1406 2851 inflammantur
1439 2794 1581 2851 tales
1614 2793 1808 2864 animi,
1835 2794 1938 2870 qui

252 2876 585 2953 corporibus
613 2895 729 2932 non
758 2876 1072 2946 inhaerent,
1094 2881 1161 2932 ut
1187 2875 1246 2944 ii,
1269 2875 1368 2951 qui
1397 2893 1538 2931 sono
1568 2873 1818 2950 quodam
1841 2893 1939 2930 vo-

253 2975 383 3012 cum
413 2962 471 3011 et
499 2955 771 3029 Phrygiis
800 2954 1061 3016 cantibus
1082 2954 1411 3011 incitantur.
1498 2953 1713 3010 Multos
1741 2972 1939 3010 nemo-

252 3054 315 3089 ra
333 3033 631 3108 silvaeque,
648 3033 859 3090 multos
877 3053 1072 3091 amnes
1090 3040 1190 3090 aut
1207 3034 1386 3090 maria
1403 3040 1783 3103 commovent,
1800 3053 1939 3110 quo-

254 3131 382 3168 rum
403 3110 715 3167 furibunda
735 3130 897 3167 mens
918 3113 1075 3170 videt
1096 3119 1229 3170 ante
1256 3112 1440 3172 multo
1465 3131 1609 3190 quae
1631 3119 1765 3170 sunt
1781 3113 1941 3171 futu-

256 3209 333 3247 ra.
417 3189 545 3257 Quo
575 3189 647 3245 de
674 3207 880 3263 genere
906 3189 1004 3247 illa
1031 3198 1198 3249 sunt:
