2205 3431
215 131 305 177 158
734 128 833 177 DE
866 129 1365 178 DIVINATIONE.

210 229 375 285 sisset
419 228 635 305 trisque
672 235 863 305 partes
906 248 1038 286 aves
1073 229 1443 301 abdixissent,
1477 237 1677 307 quarta
1712 238 1894 308 part-e,

211 327 243 384 q
252 327 355 364 uae
383 315 503 364 erat
525 306 756 384 reliqua,
776 309 838 365 in
858 310 1121 384 regiones
1142 309 1449 367 distributa
1468 310 1718 368 mirabili
1738 331 1898 389 ma„-

210 387 472 444 nitudine
515 407 702 459 uvam,
727 396 794 445 ut
828 390 1104 465 scriptum
1138 389 1415 461 videmuS‚
1445 390 1681 448 invenit.
1766 391 1899 459 Qua

210 487 268 524 re
297 467 578 525 celebrata
604 487 735 525 cum
765 468 936 525 vicini
972 488 1172 526 omnes
1204 469 1278 526 ad
1306 489 1438 526 eum
1467 470 1539 526 dc
1574 469 1743 527 rebus
1776 472 1898 528 suis

209 548 501 618 referrent,
532 555 652 605 erat
685 548 746 603 in
780 567 990 624 magno
1024 549 1259 605 nomine
1292 557 1351 606 et
1383 550 1580 625 gloria.
1668 556 1759 608 32.
1807 551 1895 607 Ex

210 646 325 703 quo
358 628 579 684 factum
614 635 701 684 cst
732 634 799 685 ut
832 647 964 684 eum
997 628 1071 685 ad
1100 648 1160 685 sc
1187 647 1286 685 rex
1313 629 1543 687 Priscus
1570 639 1893 688 arcesseret.

208 707 389 763 Cuius
429 726 561 764 cum
602 714 912 783 temptaret
954 708 1253 765 scientiam
1293 717 1619 785 auguratuS‚
1651 710 1801 767 dixit
1841 711 1896 767 ei

208 787 459 863 cogitare
482 806 541 844 se
564 787 871 863 quiddam:
907 788 970 844 id
989 795 1258 864 possetne
1278 787 1401 846 fieri
1423 790 1725 847 consuluit.
1789 789 1897 848 Ille

207 867 447 943 augurio
475 874 604 924 acto
627 886 793 943 posse
815 868 1127 944 respondit.
1195 868 1539 945 Tarquinius
1560 877 1751 927 autem
1774 870 1898 926 dix·

207 946 256 1002 it
283 965 343 1003 sc
372 947 652 1022 cogitasse
680 955 869 1004 cotem
898 948 1176 1005 novacula
1202 967 1370 1025 posse
1398 949 1665 1026 praecidi.
1742 950 1896 1007 Tum

207 1025 416 1083 Attum
446 1027 674 1084 iussisse
702 1028 960 1103 experiri.
1045 1027 1138 1085 Ita
1164 1035 1353 1085 cotem
1382 1029 1441 1085 in
1471 1029 1772 1087 comitium
1800 1030 1898 1087 ad-

207 1104 381 1162 latam
409 1107 765 1183 inspectante
795 1115 853 1164 et
873 1126 1006 1184 rege
1035 1114 1092 1165 et
1112 1108 1331 1185 populo
1360 1108 1636 1166 novacula
1663 1129 1784 1167 esse
1812 1110 1898 1166 di-

208 1187 426 1244 scisam.
511 1187 599 1243 Ex
633 1206 701 1244 eo
736 1188 927 1245 evenit
953 1195 1019 1244 ut
1046 1195 1105 1245 et
1133 1188 1478 1265 Tarquinius
1505 1208 1718 1264 augure
1745 1189 1895 1246 Atto

207 1266 394 1323 Navio
428 1273 683 1325 uteretur
716 1275 775 1324 et
802 1268 1051 1345 populus
1083 1268 1157 1325 de
1190 1269 1307 1326 suis
1339 1267 1508 1326 rebus
1540 1269 1614 1325 ad
1648 1288 1778 1326 eum
1812 1289 1897 1327 re-

207 1347 399 1404 ferret.
487 1353 579 1405 33.
617 1348 824 1405 Cotem
853 1355 1045 1406 autem
1075 1348 1232 1405 illam
1261 1355 1320 1406 et
1347 1348 1682 1405 novaculam
1706 1349 1897 1406 defos-

208 1446 328 1483 sam
371 1427 432 1483 in
474 1428 712 1485 comitio
756 1448 1039 1506 supraque
1079 1428 1418 1504 impositum
1450 1428 1645 1504 puteal
1679 1430 1896 1505 accepi-

207 1526 350 1564 mus,
437 1507 730 1582 Negemus
775 1509 984 1578 omnia,
1022 1508 1425 1565 comburamus
1473 1508 1719 1578 annaleS,
1759 1507 1896 1566 ficta

207 1586 346 1643 haec
376 1606 495 1644 esse
518 1588 791 1658 dicainuS,
819 1588 1045 1664 quidvis
1066 1588 1313 1665 denique
1333 1587 1531 1664 potius
1559 1607 1730 1665 quam
1753 1588 1895 1646 deos

205 1686 295 1724 res
322 1667 601 1725 humanas
628 1687 821 1726 curare
843 1668 1141 1726 fateamur.
1212 1668 1401 1738 Quid?
1435 1668 1592 1746 quod
1614 1669 1892 1747 scriptum

207 1748 362 1823 apud
390 1756 447 1805 te
476 1756 562 1805 est
590 1749 661 1805 de
689 1749 775 1806 Ti.
801 1749 1076 1818 Gracch0‚
1100 1768 1293 1805 nonne
1321 1756 1380 1805 et
1407 1768 1688 1825 augurum
1717 1756 1776 1807 et
1799 1749 1896 1807 ha·

205 1828 498 1904 ruspicum
532 1828 871 1904 comprobat
904 1828 1304 1904 disciplinam?
1347 1828 1446 1905 qui
1474 1847 1607 1886 cum
1635 1828 1895 1886 taberna·

206 1907 399 1964 culum
449 1908 590 1964 vitio
645 1908 888 1984 cepisset
934 1907 1285 1985 imprudenS‚
1331 1908 1487 1984 quod
1535 1908 1892 1984 inauspicato

204 1987 529 2063 pomerium
564 1994 944 2063 transgressus
977 1995 1141 2057 esset,
1167 1988 1402 2045 comitia
1438 1988 1768 2045 consulibus
1805 2008 1895 2045 ro-

205 2067 412 2142 gandis
454 2066 673 2125 habuit.
761 2067 917 2125 Nota
959 2087 1048 2125 res
1089 2075 1178 2124 est
1212 2074 1270 2124 et
1302 2086 1336 2124 a
1367 2075 1426 2124 te
1458 2067 1586 2144 ipso
1619 2068 1894 2126 mandata

206 2147 611 2205 monumentis,
689 2146 804 2204 Sed
831 2155 890 2204 et
916 2148 1039 2223 ipse
1068 2166 1251 2223 augur
1276 2146 1363 2204 Ti.
1388 2146 1679 2204 Gracchus
1705 2149 1894 2225 auspi·

206 2227 425 2284 ciorum
448 2227 847 2284 auctoritatem
870 2227 1230 2284 confessione
1258 2227 1426 2284 errati
1449 2226 1537 2284 sui
1559 2246 1685 2284 com
1692 2228 1893 2305 proba·

205 2308 290 2363 vit
323 2314 381 2364 et
407 2307 773 2383 haruspicum
804 2306 1138 2383 disciplinae
1166 2326 1374 2383 magna
1394 2307 1630 2365 accessit
1650 2309 1893 2366 auctori-

205 2394 310 2457 tas»,
336 2387 434 2464 qui
456 2386 780 2444 recentibus
808 2387 1058 2443 comitiis
1086 2387 1148 2442 in
1177 2394 1437 2444 senatum
1460 2387 1774 2445 introducti
1796 2407 1893 2446 ne-

204 2475 482 2543 gaverunt
511 2467 724 2524 iustum
755 2466 1122 2523 comitiorum
1151 2474 1475 2542 rogatorem
1505 2467 1699 2524 fuisse.

284 2546 512 2606 XVIII.
601 2551 692 2604 34.
737 2545 818 2603 Iis
850 2546 1028 2621 igitur
1059 2546 1365 2618 adsentior,
1397 2546 1496 2623 qui
1531 2546 1647 2604 duo
1680 2566 1892 2622 genera

204 2627 629 2685 divinationum
671 2645 792 2684 esse
833 2626 1135 2684 dixerunt:
1190 2645 1370 2683 unum
1415 2626 1572 2704 quod
1605 2627 1890 2704 particeps

204 2714 353 2764 esset
381 2708 535 2779 artiS,
560 2707 802 2764 alterum
832 2706 989 2783 quod
1016 2712 1138 2762 arte
1171 2712 1398 2764 careret.
1484 2706 1590 2763 Est
1617 2707 1771 2764 enim
1799 2726 1890 2763 ars

203 2787 264 2843 in
294 2788 381 2857 iis,
407 2788 505 2864 qui
534 2807 711 2843 novas
738 2806 826 2844 res
860 2786 1187 2843 coniectura
1212 2793 1646 2863 persequuntur,
1672 2793 1890 2844 veteres

205 2867 601 2924 observatione
643 2867 982 2923 didicerunt.
1068 2864 1280 2922 Carent
1317 2874 1510 2923 autem
1544 2873 1664 2923 arte
1698 2866 1756 2938 ii,
1788 2867 1890 2944 qui

203 2966 319 3002 non
355 2946 575 3001 ratione
610 2953 709 3001 aut
742 2946 1069 3002 coniectura
1101 2945 1414 3003 observatis
1441 2965 1507 3002 ac
1535 2946 1750 3004 notatis
1778 2947 1891 3023 sig-

204 3027 309 3095 niS‚
336 3024 437 3081 sed
458 3023 841 3080 concitatione
871 3025 1117 3099 quadam
1146 3025 1322 3081 animi
1350 3032 1450 3083 aut
1478 3025 1666 3083 soluto
1687 3026 1891 3084 libero-

206 3122 315 3179 que
349 3110 513 3159 motu
548 3102 744 3158 futura
774 3104 1433 3180 praesentiunt—quod
1464 3111 1524 3162 et
1557 3106 1890 3164 somnianti·

205 3182 311 3238 bus
341 3200 508 3257 saepe
541 3180 828 3256 contingit
861 3187 919 3238 et
951 3200 1066 3238 non
1095 3201 1411 3258 numquam
1445 3185 1891 3244 vaticinantibus
