2205 3431
261 143 357 189 232
781 142 881 190 DE
913 141 1415 191 DIVINATIONE.

260 239 447 297 adhuc
475 239 798 317 disputasti,
816 260 1048 318 prorsus
1075 241 1381 310 adsentior,
1397 247 1471 311 et,
1485 260 1616 298 vere
1637 249 1703 298 ut
1725 241 1942 318 loquar,

262 339 606 397 quamquam
640 327 741 377 tua
780 340 874 377 me
916 321 1099 377 oratio
1142 319 1515 391 confirmavit,
1537 327 1733 377 tamen
1766 322 1944 379 etiam

258 419 387 456 mea
415 408 620 476 sponte
648 400 820 456 nimis
848 400 1301 475 superstitiosam
1324 401 1395 457 de
1418 400 1772 457 divinatione
1795 400 1947 458 Stoi-

259 499 455 536 corum
486 479 826 536 sententiam
849 478 1207 536 iudicabam:
1251 479 1391 536 haec
1418 499 1511 536 me
1533 478 1947 556 Peripatetico-

258 578 385 615 rum
434 559 580 615 ratio
622 559 806 635 magis
845 559 1117 615 movebat
1157 567 1216 616 et
1256 560 1462 616 veteris
1501 559 1841 616 Dicaearchi
1885 569 1947 618 et

257 639 395 707 eiuS‚
429 639 528 715 qui
567 657 719 694 nunc
766 637 947 708 floret,
979 637 1260 715 Cratippi,
1293 639 1392 715 qui
1434 646 1669 696 censent
1714 659 1838 696 esse
1881 640 1945 697 iu

257 718 547 776 mentibus
587 717 889 774 hominum
922 726 1219 795 tamquam
1262 718 1552 775 oraculum
1596 719 1847 796 aliquod,
1872 739 1945 777 ex

258 817 373 874 quo
407 798 604 855 futura
635 797 1035 873 praesentiant,
1068 798 1115 854 si
1150 805 1250 855 aut
1282 798 1477 855 furore
1519 799 1716 856 divino
1745 800 1948 857 incita·

256 884 351 933 tus
384 878 608 934 animus
642 885 741 934 aut
775 896 977 934 somno
1010 877 1293 934 relaxatus
1327 879 1512 936 solute
1544 886 1843 937 moveatur
1877 900 1946 937 ac

242 956 445 1014 libere.
531 956 643 1013 His
676 957 748 1013 de
780 957 1084 1033 generibus
1121 958 1260 1034 quid
1295 959 1506 1016 sentias
1539 966 1599 1015 et
1633 959 1842 1036 quibus
1876 979 1948 1016 ea

255 1036 574 1093 rationibus
601 1034 853 1093 infirmes
882 1038 1076 1094 audire
1107 1057 1240 1094 sane
1268 1037 1456 1095 velim.

336 1115 551 1174 XLIX.
622 1121 754 1173 101.
786 1116 945 1184 Quae
972 1136 1106 1174 cum
1133 1117 1228 1174 ille
1257 1117 1510 1189 dixisset,
1530 1125 1656 1174 tum
1686 1137 1795 1195 ego
1824 1138 1947 1176 rur·

256 1216 351 1252 sus
380 1196 540 1273 quasi
563 1196 634 1252 ab
664 1195 775 1253 alio
798 1197 1082 1273 principio
1113 1216 1241 1254 sum
1268 1217 1501 1255 exorsus
1530 1199 1733 1256 dicere.
1804 1199 1944 1256 Non

255 1276 478 1352 ignoro,
504 1277 754 1352 inquam,
780 1276 1008 1346 Quinte,
1032 1284 1090 1334 te
1127 1296 1351 1353 semper
1378 1278 1460 1334 ita
1491 1279 1747 1349 sensisse,
1772 1286 1839 1335 ut
1869 1279 1944 1336 de

255 1357 457 1413 ceteris
491 1356 787 1413 divinandi
816 1356 1119 1433 generibus
1153 1357 1458 1427 dubitareS‚
1483 1358 1594 1414 ista
1626 1358 1760 1431 du0,
1785 1359 1946 1416 furo-

253 1436 332 1491 ris
365 1443 423 1493 et
457 1437 684 1505 somnii,
711 1455 854 1512 quae
888 1455 921 1492 a
954 1436 1132 1493 libera
1163 1444 1357 1494 mente
1390 1437 1564 1494 fluere
1592 1438 1939 1509 viderentur,

253 1515 537 1591 probares
606 1515 810 1572 Dicam
843 1516 1020 1591 igitur
1048 1517 1120 1572 de
1148 1517 1274 1573 istis
1301 1517 1441 1593 ipsis
1469 1516 1696 1574 duobus
1722 1519 1945 1595 generi-

253 1594 362 1651 bus
402 1595 547 1652 mihi
583 1596 722 1672 quid
757 1595 1037 1665 videatur,
1063 1597 1110 1652 si
1145 1597 1304 1672 prius
1344 1603 1402 1654 et
1436 1596 1766 1655 Stoicorum
1808 1618 1943 1656 cou-

255 1675 433 1732 clusio
468 1675 707 1733 rationis
741 1682 799 1733 et
832 1674 1095 1753 Cratippi
1130 1676 1312 1734 nostri
1341 1677 1478 1754 quid
1511 1677 1692 1736 valeat
1719 1678 1936 1736 videro,

252 1755 471 1813 Dixisti
500 1757 653 1812 enim
684 1764 742 1813 et
764 1755 1154 1833 Chrysippum
1183 1764 1241 1814 et
1261 1756 1583 1833 Diogenem
1616 1766 1673 1815 et
1696 1758 1942 1835 Antipa-

253 1843 407 1892 trum
438 1835 774 1894 concludere
802 1835 913 1893 hoc
942 1837 1118 1893 modo
1144 1855 1157 1892 z
1202 1837 1237 1863 ‘⁴
1257 1836 1318 1893 Si
1342 1846 1474 1894 sunt
1502 1837 1562 1893 di
1591 1857 1775 1915 neque
1804 1847 1940 1896 ante

254 1914 543 1971 declarant
575 1914 907 1971 hominibus
950 1934 1094 1991 quae
1128 1916 1325 1973 futura
1366 1918 1497 1988 sint,
1522 1924 1621 1975 aut
1653 1937 1771 1974 non
1813 1918 1941 1974 dili-

253 2002 401 2070 gunt
434 1994 698 2051 homines
739 2001 839 2051 aut
874 1995 1013 2072 quid
1047 2003 1383 2052 eventurum
1427 1998 1503 2054 sit
1536 1997 1804 2074 ignorant
1838 2005 1940 2055 aut

255 2074 586 2132 existimant
613 2073 757 2131 nihil
784 2075 1054 2132 interesse
1080 2074 1384 2132 hominum
1414 2077 1556 2133 scire
1586 2077 1724 2154 quid
1755 2078 1829 2136 sit
1849 2078 1941 2135 fu-

253 2161 449 2210 turum
477 2161 576 2211 aut
598 2174 714 2211 non
736 2162 969 2212 censent
990 2174 1110 2212 esse
1140 2175 1273 2213 suae
1294 2156 1607 2213 maiestatis
1628 2157 1940 2234 praesigni-

253 2233 420 2291 ficare
448 2234 780 2291 hominibus
810 2253 952 2311 quae
987 2235 1102 2292 sint
1130 2236 1327 2292 futura
1354 2243 1454 2294 aut
1481 2255 1548 2293 ea
1573 2256 1646 2294 ne
1675 2237 1785 2314 ipsi
1817 2239 1939 2314 qui-

254 2314 387 2371 dem
422 2315 482 2371 di
512 2313 829 2391 significare
858 2323 1115 2391 possunt.
1204 2321 1334 2373 102.
1373 2316 1457 2373 At
1485 2335 1668 2393 neque
1702 2337 1816 2374 non
1854 2317 1939 2374 di-

254 2394 443 2470 ligunt
475 2412 613 2452 nos:
658 2402 793 2451 sunt
825 2395 980 2451 euim
1018 2393 1258 2452 benefici
1291 2396 1598 2473 generique
1631 2396 1937 2453 hominum

253 2474 457 2531 amici:
501 2494 685 2551 neque
707 2475 976 2550 ignorant
1005 2494 1085 2544 ea,
1109 2494 1252 2551 quae
1282 2475 1352 2532 ab
1375 2475 1515 2552 ipsis
1537 2477 1851 2533 constituta
1878 2484 1940 2533 et

254 2555 551 2631 designata
579 2561 712 2611 sunt
742 2573 755 2612 :
799 2573 983 2630 neque
1013 2562 1209 2611 nostra
1235 2554 1380 2612 nihil
1410 2556 1646 2613 interest
1674 2557 1815 2613 scire
1850 2576 1935 2626 ca,

255 2653 399 2710 quae
427 2635 624 2691 futura
652 2635 799 2691 sint:
843 2635 1054 2691 erimus
1082 2635 1234 2691 enim
1266 2635 1560 2706 cautioreS,
1582 2636 1628 2692 si
1657 2636 1935 2693 sciemus:

253 2733 439 2791 neque
473 2714 582 2772 hoc
627 2714 873 2771 alienum
920 2714 1141 2771 ducunt
1174 2715 1471 2780 maiestate
1514 2734 1630 2785 sua,
1662 2715 1806 2771 nihil
1849 2723 1940 2772 est

253 2795 405 2849 enim
441 2793 814 2851 beneficentia
847 2795 1262 2870 praest-antius:
1305 2814 1490 2872 neque
1534 2815 1650 2852 non
1693 2803 1940 2871 possunt

253 2873 449 2928 futura
475 2893 856 2948 praenoscere.
943 2874 1076 2934 Non
1113 2874 1291 2950 igitur
1325 2875 1386 2930 di
1419 2882 1553 2932 sunt
1585 2894 1689 2931 nec
1724 2875 1941 2951 signifi-

254 2957 387 3006 cant
419 2951 585 3006 nobis
618 2952 844 3008 futura:
890 2961 1023 3010 suut
1056 2962 1245 3011 autem
1283 2954 1375 3011 di:
1421 2954 1745 3030 significant
1778 2974 1935 3031 ergo,

254 3027 331 3083 Et
353 3047 488 3096 non,
510 3029 556 3084 si
580 3030 902 3104 significant
924 3033 1135 3104 futura,
1153 3033 1336 3089 nullas
1365 3034 1505 3090 dant
1526 3034 1694 3091 nobis
1715 3035 1835 3091 vias
1864 3035 1940 3092 ad

255 3104 738 3180 significationum
761 3109 1083 3167 scientiam:
1121 3112 1333 3169 frustra
1354 3114 1506 3169 enim
1530 3113 1936 3188 significarent,

254 3201 457 3258 neque,
481 3184 528 3240 si
557 3184 697 3242 dant
724 3186 858 3257 viaS,
884 3207 999 3244 non
1024 3197 1112 3246 est
1133 3191 1445 3249 divinatio:
1483 3200 1569 3250 est
1591 3194 1769 3269 igitur
1796 3193 1939 3250 divi-
