2205 3431
475 151 1510 215 LIB.1.,CAP.XXX1V.-XXXV11.,
1541 152 1570 213 ς
1600 156 1775 204 76-80.
1867 157 1962 205 175

279 260 434 311 recta
473 254 665 311 nutrix
707 254 1113 312 animadvertit
1154 274 1395 331 puerum
1438 255 1818 314 dormientem
1862 257 1965 313 cir·

279 334 688 411 cumplicatum
731 335 1010 411 serpentis
1051 334 1334 411 amplexu.
1420 335 1549 403 Quo
1592 344 1824 412 aspectu
1874 356 1965 394 ex-

279 415 476 471 territa
523 414 829 471 clamorem
876 415 1122 471 sustulit.
1208 415 1381 472 Pater
1422 423 1612 472 autem
1656 416 1850 473 Roscii
1892 416 1966 473 ad

278 493 607 570 haruspices
639 494 876 563 rettulit,
904 494 1001 570 qui
1036 495 1454 571 responderunt
1486 495 1629 552 nihil
1658 495 1757 552 illo
1786 516 1964 572 puero
2009 551 2011 554 ,

280 573 499 645 elatine,
525 573 669 630 nihil
699 573 949 631 nobilius
970 575 1112 631 fore.
1197 574 1393 651 Atque
1416 574 1560 631 hanc
1590 576 1837 652 speciem
1861 576 1969 633 Pa-

281 654 470 711 siteles
511 654 749 711 caelavit
790 662 1028 730 argento
1071 661 1131 711 et
1171 662 1366 711 noster
1407 656 1684 731 expressit
1724 655 1967 712 Archias

280 734 549 791 versibus,
635 733 791 801 Quid
814 734 989 811 igitur
1011 736 1443 809 exspectamus?
1476 755 1565 806 an,
1592 735 1728 792 dum
1754 736 1813 791 in
1836 736 1967 793 foro

280 814 579 871 nobiscum
615 814 676 870 di
704 814 1071 885 immortaleS,
1094 814 1232 870 dum
1263 815 1323 870 in
1352 814 1460 871 viis
1492 823 1801 886 versentur,
1827 815 1968 872 dum

280 893 477 950 domi?
520 894 618 970 qui
662 894 895 970 quidem
928 894 1041 970 ipsi
1083 912 1143 950 se
1185 894 1352 950 nobis
1393 913 1511 951 non
1553 896 1819 967 offerunt,
1851 896 1969 952 vim

281 981 471 1030 autem
503 993 663 1031 suam
694 973 863 1049 longe
891 972 1117 1050 lateque
1146 973 1496 1041 diffundunt,
1523 994 1693 1051 quam
1716 982 1841 1032 tum
1864 983 1972 1032 ter-

281 1073 375 1110 rae
409 1054 662 1110 cavernis
694 1053 1013 1123 includunt,
1038 1061 1164 1109 tum
1199 1053 1501 1111 hominum
1537 1056 1755 1111 naturis
1783 1054 1971 1130 impli-

282 1140 429 1190 cant.
516 1133 668 1190 Nam
716 1140 896 1190 terrae
938 1134 1024 1189 vis
1068 1132 1343 1209 Pythiam
1384 1134 1629 1210 Delphis
1673 1135 1967 1205 incitabat,

282 1221 518 1270 naturae
552 1213 846 1290 Sibyllam.
933 1213 1088 1281 Quid
1123 1214 1315 1271 enim?
1355 1233 1470 1270 non
1507 1214 1768 1271 videmus
1799 1234 1969 1291 quam

283 1294 399 1351 sint
450 1294 603 1350 varia
650 1301 923 1351 terrarum
959 1312 1184 1369 genera,
1217 1313 1286 1350 ex
1332 1293 1539 1370 quibus
1578 1301 1635 1351 et
1672 1296 1972 1352 mortifera

285 1374 565 1449 quaedam
594 1393 725 1450 pars
759 1381 861 1444 est,
886 1381 950 1430 ut
979 1381 1038 1429 et
1064 1373 1407 1449 Ampsancti
1437 1374 1496 1429 in
1527 1374 1791 1450 Hirpinis
1825 1382 1882 1431 et
1911 1375 1968 1430 in

283 1454 426 1510 Asia
453 1453 742 1524 Plutonia,
769 1472 912 1530 quae
946 1453 1212 1523 vidimUS,
1238 1460 1295 1510 et
1324 1460 1457 1510 sunt
1485 1462 1674 1530 partes
1703 1474 1967 1530 agrorum

284 1534 425 1591 aliae
466 1534 814 1610 pestilenteS,
847 1533 987 1590 aliae
1030 1533 1296 1604 salubreS,
1322 1532 1461 1590 aliae
1506 1552 1649 1610 quae
1691 1541 1857 1591 acuta
1890 1535 1974 1589 in-

283 1615 454 1691 genia
485 1614 744 1690 gignant,
770 1613 911 1670 aliae
947 1633 1090 1690 quae
1125 1620 1385 1670 retunsa:
1431 1633 1574 1690 quae
1604 1614 1799 1671 omnia
1825 1613 1971 1670 fiunt

285 1702 345 1752 et
385 1714 454 1752 ex
495 1694 636 1751 caeli
671 1694 940 1752 varietate
975 1701 1033 1752 et
1066 1713 1136 1751 ex
1170 1693 1382 1771 dispari
1416 1689 1761 1770 aspiratione
1802 1700 1973 1752 terra-

286 1794 429 1832 rum.

368 1861 459 1912 80.
506 1853 600 1911 Fit
633 1853 807 1911 etiam
837 1872 1004 1931 saepe
1038 1853 1225 1929 specie
1269 1853 1532 1931 quadam,
1564 1873 1731 1932 saepe
1764 1874 1972 1912 vocum

285 1935 564 2012 gravitate
593 1941 651 1990 et
673 1933 936 1990 cantibus
966 1940 1030 1991 ut
1052 1933 1338 2010 pellantur
1359 1934 1536 1990 animi
1561 1934 1969 2005 vehementiuS,

287 2035 453 2092 saepe
483 2015 656 2071 etiam
685 2033 819 2071 cura
848 2021 906 2071 et
933 2015 1159 2084 timore,
1187 2014 1369 2090 qualis
1398 2021 1483 2072 est
1512 2014 1607 2071 illa

401 2143 698 2193 Flexanima
720 2151 972 2205 tamquam
996 2142 1253 2204 lymphata
1274 2151 1360 2190 aut
1384 2142 1567 2190 Bacchi
1590 2144 1739 2191 sacris

405 2211 670 2258 Commota
692 2209 743 2256 in
769 2208 968 2256 tumulis
991 2208 1243 2256 Teucrum
1266 2223 1668 2265 commemorans
1688 2224 1847 2257 suum.

287 2326 607 2385 XXXVII.
652 2327 847 2403 Atque
881 2326 1055 2383 etiam
1089 2325 1187 2382 illa
1219 2324 1529 2382 concitatio
1566 2325 1813 2382 declarat
1855 2327 1971 2382 vim

287 2409 350 2465 in
391 2408 598 2465 animis
646 2426 765 2464 esse
811 2406 1082 2463 divinam.
1170 2404 1361 2481 Negat
1409 2406 1562 2462 enim
1613 2406 1735 2463 sine
1778 2406 1972 2463 furore

288 2487 658 2545 Democritus
692 2506 1037 2563 quemquam
1066 2491 1302 2562 poetam
1332 2504 1606 2562 magnum
1638 2505 1757 2542 esse
1785 2504 1968 2560 posse,

292 2567 448 2644 quod
492 2567 646 2624 idem
692 2567 835 2624 dicit
879 2567 1067 2623 Plato.
1154 2565 1357 2633 Quem,
1394 2566 1443 2622 si
1484 2565 1687 2641 placet,
1724 2565 1972 2640 appellet

290 2649 560 2718 furorem,
607 2647 745 2704 dum
794 2646 969 2702 niodo
1020 2646 1068 2702 is
1123 2646 1286 2702 furor
1333 2646 1415 2702 ita
1470 2645 1745 2715 laudetur,
1791 2652 1856 2700 ut
1911 2645 1970 2700 in

291 2727 554 2785 Phaedro
585 2726 844 2784 Platonis
873 2724 1137 2782 laudatus
1166 2733 1265 2783 est.
1352 2724 1542 2793 Quid?
1575 2731 1761 2781 vestra
1789 2725 1969 2780 oratio

289 2809 350 2864 in
385 2808 584 2877 causiS,
618 2806 793 2883 quid?
835 2805 960 2882 ipsa
992 2806 1143 2862 actio
1186 2812 1379 2882 potest
1421 2824 1541 2862 esse
1575 2803 1880 2861 vehemens
1913 2812 1970 2861 et

289 2888 477 2964 gravis
519 2894 576 2944 et
618 2887 866 2963 copiosa,
897 2886 1008 2943 nisi
1051 2892 1137 2942 est
1170 2885 1394 2942 animus
1435 2886 1557 2961 ipse
1592 2885 1970 2941 commotior?

290 2967 575 3044 Equidem
619 2968 792 3023 etiam
834 2967 893 3023 in
936 2972 994 3022 te
1037 2984 1204 3040 saepe
1245 2965 1364 3021 vidi
1407 2972 1479 3036 et,
1525 2972 1590 3021 ut
1638 2964 1711 3021 ad
1759 2964 1969 3021 leviora

290 3048 599 3117 veniamne,
632 3047 691 3102 in
725 3046 958 3122 Aesopo
993 3045 1262 3101 familiari
1303 3051 1405 3101 tuo
1448 3052 1674 3102 tantum
1708 3044 1964 3101 ardorem

290 3127 552 3184 vultuum
598 3133 768 3203 atque
814 3133 1093 3195 motuum,
1127 3132 1192 3182 ut
1235 3143 1366 3181 eum
1409 3125 1492 3182 vis
1538 3124 1815 3202 quaedam
1848 3123 1966 3180 abs·

290 3207 527 3266 traxisse
554 3226 588 3264 a
615 3225 781 3264 sensu
811 3205 1022 3263 mentis
1048 3205 1350 3262 videretur.
