2205 3431
544 105 681 154 LIB.
707 106 803 165 ΙΙ.,
827 106 982 155 ΟΑΡ.
1006 106 1411 168 XL1.-XL111.,
1433 105 1460 166 ἓ
1487 109 1727 159 105-111.
1947 112 2011 158 85

461 204 633 264 Atque
655 202 762 250 eius
784 202 889 265 ipse
911 213 1081 252 manet
1105 204 1338 264 religatus
1361 220 1562 267 corpore
1585 212 1744 254 torto:

459 267 689 329 Namque
714 268 868 314 virum
894 269 1112 316 medium
1138 284 1335 331 serpens
1358 271 1449 317 sub
1470 282 1670 332 pectora
1692 271 1859 333 cingit.

460 333 553 380 Ille
578 343 741 381 tamen
767 334 927 381 nitens
950 334 1166 393 graviter
1188 335 1394 394 vestigia
1416 336 1567 397 ponit,

457 399 629 461 Atque
652 398 819 446 oculos
845 408 983 458 urget
1005 399 1210 461 pedibus
1233 410 1500 463 pectusque
1523 402 1573 449 N
1575 401 1699 463 epa‘i‘.

329 524 560 602 Septem
591 526 806 583 triones
833 533 1025 583 autem
1056 527 1313 604 sequitur

456 663 819 727 Arctophylax,
837 664 984 725 vulgo
1008 665 1091 727 qui
1117 665 1299 714 dicitur
1320 680 1427 714 esse
1449 666 1651 726 BooteS‚
1896 701 1899 703 ψ

456 730 600 790 Quod
625 731 766 793 quasi
792 742 989 779 temone
1010 730 1295 779 adiunctam
1318 746 1436 794 prae
1458 747 1510 780 se
1533 732 1691 795 quatit
1711 731 1939 782 Arctum.

329 865 460 917 110.
492 861 644 918 Dein
676 880 819 938 quae
848 867 1178 938 sequuntur.
1265 860 1419 918 Huic
1448 861 1601 919 enim
1630 860 1807 920 Booti

808 990 977 1036 subter
998 989 1285 1051 praecordia
1307 989 1413 1037 fixa
1434 990 1630 1037 videtur

454 1052 608 1103 Stella
628 1053 816 1102 micans
843 1054 1009 1114 radiis,
1027 1056 1273 1103 Arcturus
1295 1056 1496 1103 nomine
1519 1055 1651 1103 claro
1671 1073 1685 1105 x

324 1158 485 1227 cuius
515 1133 808 1247 [pedibus]
842 1170 1096 1228 subiecta
1122 1171 1309 1228 fertur

452 1298 656 1360 Spicum
678 1298 865 1346 illustre
888 1307 1058 1347 tenens
1081 1298 1358 1360 splendenti
1382 1313 1585 1362 corpore
1606 1299 1778 1361 Virgo,

323 1414 538 1472 XLIII.
576 1415 772 1493 Atque
806 1416 888 1473 ita
920 1416 1209 1473 demetata
1250 1416 1412 1493 signa
1453 1424 1603 1488 sunt,
1635 1424 1699 1475 ut
1732 1418 1789 1474 in
1826 1418 2001 1475 tantis

321 1494 800 1572 descriptionibus
830 1495 1024 1553 divina
1052 1496 1302 1553 sollertia
1328 1504 1613 1573 appareat.

451 1625 519 1671 Et
541 1632 684 1672 natos
708 1624 946 1672 Geminos
968 1624 1150 1673 invises
1174 1624 1265 1672 sub
1289 1633 1434 1686 caput
1457 1626 1617 1674 Arcti.

452 1689 710 1738 Subiectus
733 1690 927 1738 mediae
949 1700 1024 1739 est
1047 1690 1239 1740 Cancer
1261 1690 1565 1754 pedibusque
1585 1698 1779 1740 tenetur

449 1756 665 1816 Magnus
688 1757 792 1804 Leo
813 1755 1075 1805 tremulam
1098 1757 1323 1819 quatiens
1347 1771 1375 1805 e
1396 1772 1598 1819 corpore
1619 1757 1888 1807 flammam.

318 1873 542 1950 Auriga

448 2003 552 2053 Sub
575 2002 715 2051 laeva
738 2003 1060 2052 Geminorum
1084 2004 1328 2052 obductus
1350 2012 1489 2067 parte
1513 2005 1707 2053 feretur.

442 2069 722 2117 Adversum
747 2078 896 2130 caput
919 2069 1031 2116 huic
1056 2069 1262 2117 Helicae
1284 2070 1557 2117 truculenta
1581 2079 1761 2119 tuetur.

444 2135 518 2182 At
541 2133 704 2196 Capra
724 2133 917 2182 laevum
942 2149 1165 2182 umerum
1189 2135 1322 2182 clara
1343 2136 1547 2184 obtinet.
1573 2172 1585 2184 .
1614 2172 1626 2183 .
1652 2172 1664 2184 .

316 2248 466 2306 Tum
496 2269 639 2327 quae
668 2257 983 2327 sequuntur
1004 2269 1018 2308 ε

444 2378 638 2427 Verum
662 2378 784 2427 haec
808 2387 885 2426 est
907 2393 1087 2438 magno
1110 2387 1256 2440 atque
1279 2379 1456 2427 illustri
1480 2379 1705 2442 praedita
1727 2380 1885 2442 signo,

445 2444 633 2492 Contra
655 2444 821 2492 Haedi
844 2444 1079 2504 exiguum
1101 2445 1286 2493 iaciunt
1313 2445 1601 2493 mortalibus
1623 2446 1806 2506 ignem,

314 2560 475 2618 cuius
504 2559 609 2617 sub
638 2559 883 2637 pedibus

444 2688 684 2749 Corniger
707 2696 780 2736 est
804 2688 967 2736 valido
991 2688 1202 2736 conixus
1225 2702 1428 2752 corpore
1454 2689 1662 2738 Taurus.

317 2811 447 2864 111.
481 2806 620 2863 Eius
649 2813 822 2882 caput
851 2804 1028 2863 stellis
1062 2824 1430 2882 conspersum
1465 2812 1550 2863 est
1577 2807 1988 2884 frequentibus,

444 2945 552 2992 Has
576 2944 756 2993 Graeci
780 2944 944 2992 stellas
969 2944 1179 3008 Hyadas
1201 2944 1414 2993 vocitare
1438 2946 1658 3006 suerunt,

313 3089 347 3127 a
374 3070 659 3147 pluendo:
697 3068 812 3126 ὕειν
841 3071 994 3127 enim
1023 3077 1111 3128 est
1139 3070 1365 3146 pluere:
1401 3073 1581 3129 nostri
1611 3073 1874 3150 imperite
1904 3094 1991 3130 su·-

313 3150 483 3222 culaS,
506 3151 665 3226 quasi
695 3171 730 3208 a
758 3150 932 3208 subus
960 3157 1164 3222 essent,
1181 3170 1298 3207 non
1328 3151 1399 3208 ab
1428 3151 1707 3209 imbribus
1734 3152 1990 3209 nomina-

499 3239 529 3285 8
