<?xml version="1.0" encoding="UTF-8"?>
<!DOCTYPE html PUBLIC "-//W3C//DTD XHTML 1.0 Transitional//EN"
    "http://www.w3.org/TR/xhtml1/DTD/xhtml1-transitional.dtd">
<html xmlns="http://www.w3.org/1999/xhtml" xml:lang="en" lang="en">
 <head>
  <title>
</title>
<meta http-equiv="Content-Type" content="text/html;charset=utf-8" />
  <meta name='ocr-system' content='tesseract 3.04.00' />
  <meta name='ocr-capabilities' content='ocr_page ocr_carea ocr_par ocr_line ocrx_word'/>
</head>
<body>
  <div class='ocr_page' id='page_1' title='image "./defato00cicegoog_0172.png"; bbox 0 0 2205 3431; ppageno 0'>
   <div class='ocr_carea' id='block_1_1' title="bbox 210 118 1360 169">
    <p class='ocr_par' dir='ltr' id='par_1_1' title="bbox 210 118 1360 169">
     <span class='ocr_line' id='line_1_1' title="bbox 210 118 1360 169; baseline -0.003 0"><span class='ocrx_word' id='word_1_1' title='bbox 210 124 305 169; x_wconf 84' lang='lat'><strong>162</strong></span> <span class='ocrx_word' id='word_1_2' title='bbox 726 120 825 168; x_wconf 88' lang='lat' dir='ltr'><strong>DE</strong></span> <span class='ocrx_word' id='word_1_3' title='bbox 858 118 1360 169; x_wconf 83' lang='lat' dir='ltr'>DIVINATIONE.</span> 
     </span>
    </p>
   </div>
   <div class='ocr_carea' id='block_1_2' title="bbox 208 217 1893 617">
    <p class='ocr_par' dir='ltr' id='par_1_2' title="bbox 208 217 1891 377">
     <span class='ocr_line' id='line_1_2' title="bbox 208 217 1891 297; baseline -0.001 -19"><span class='ocrx_word' id='word_1_4' title='bbox 208 222 320 292; x_wconf 87' lang='lat' dir='ltr'><strong>nia,</strong></span> <span class='ocrx_word' id='word_1_5' title='bbox 343 239 486 297; x_wconf 86' lang='lat' dir='ltr'><strong>quae</strong></span> <span class='ocrx_word' id='word_1_6' title='bbox 507 220 579 277; x_wconf 91' lang='lat' dir='ltr'><strong>ab</strong></span> <span class='ocrx_word' id='word_1_7' title='bbox 600 220 799 278; x_wconf 81' lang='lat' dir='ltr'><strong>Aenea</strong></span> <span class='ocrx_word' id='word_1_8' title='bbox 819 226 981 296; x_wconf 83' lang='lat' dir='ltr'><strong>gesta</strong></span> <span class='ocrx_word' id='word_1_9' title='bbox 1002 226 1136 277; x_wconf 88' lang='lat' dir='ltr'><strong>sunt</strong></span> <span class='ocrx_word' id='word_1_10' title='bbox 1159 238 1415 297; x_wconf 92' lang='lat' dir='ltr'><strong>quaeque</strong></span> <span class='ocrx_word' id='word_1_11' title='bbox 1437 218 1518 275; x_wconf 91' lang='lat' dir='ltr'><strong>illi</strong></span> <span class='ocrx_word' id='word_1_12' title='bbox 1542 217 1891 291; x_wconf 80' lang='lat' dir='ltr'><strong>aeciderunt,</strong></span> 
     </span>
     <span class='ocr_line' id='line_1_3' title="bbox 209 298 1737 377; baseline -0.002 -19"><span class='ocrx_word' id='word_1_13' title='bbox 209 320 276 359; x_wconf 87' lang='lat' dir='ltr'><strong>ea</strong></span> <span class='ocrx_word' id='word_1_14' title='bbox 302 301 535 372; x_wconf 77' lang='lat' dir='ltr'><strong>fuerint,</strong></span> <span class='ocrx_word' id='word_1_15' title='bbox 563 319 706 377; x_wconf 88' lang='lat' dir='ltr'><strong>quae</strong></span> <span class='ocrx_word' id='word_1_16' title='bbox 735 301 788 357; x_wconf 89' lang='lat' dir='ltr'><strong>ei</strong></span> <span class='ocrx_word' id='word_1_17' title='bbox 816 300 1131 357; x_wconf 90' lang='lat' dir='ltr'><strong>secundum</strong></span> <span class='ocrx_word' id='word_1_18' title='bbox 1161 300 1413 376; x_wconf 86' lang='lat' dir='ltr'><strong>quietem</strong></span> <span class='ocrx_word' id='word_1_19' title='bbox 1441 298 1563 355; x_wconf 88' lang='lat' dir='ltr'><strong>visa</strong></span> <span class='ocrx_word' id='word_1_20' title='bbox 1590 305 1737 356; x_wconf 85' lang='lat' dir='ltr'><strong>sunt.</strong></span> 
     </span>
    </p>

    <p class='ocr_par' dir='ltr' id='par_1_3' title="bbox 209 378 1893 617">
     <span class='ocr_line' id='line_1_4' title="bbox 288 378 1892 457; baseline -0.001 -20"><span class='ocrx_word' id='word_1_21' title='bbox 288 380 486 438; x_wconf 90' lang='lat' dir='ltr'><strong>XXII.</strong></span> <span class='ocrx_word' id='word_1_22' title='bbox 529 380 642 438; x_wconf 88' lang='lat' dir='ltr'><strong>Sed</strong></span> <span class='ocrx_word' id='word_1_23' title='bbox 674 380 947 457; x_wconf 91' lang='lat' dir='ltr'><strong>propiora</strong></span> <span class='ocrx_word' id='word_1_24' title='bbox 987 380 1297 437; x_wconf 79' lang='lat' dir='ltr'><strong>videamus,</strong></span> <span class='ocrx_word' id='word_1_25' title='bbox 1374 378 1686 436; x_wconf 85' lang='lat' dir='ltr'>Cuiusnam</span> <span class='ocrx_word' id='word_1_26' title='bbox 1727 378 1892 436; x_wconf 90' lang='lat' dir='ltr'><strong>modi</strong></span> 
     </span>
     <span class='ocr_line' id='line_1_5' title="bbox 209 458 1893 536; baseline -0.001 -19"><span class='ocrx_word' id='word_1_27' title='bbox 209 467 296 518; x_wconf 85' lang='lat' dir='ltr'><strong>est</strong></span> <span class='ocrx_word' id='word_1_28' title='bbox 325 459 568 536; x_wconf 84' lang='lat' dir='ltr'>Superbi</span> <span class='ocrx_word' id='word_1_29' title='bbox 596 460 894 536; x_wconf 89' lang='lat' dir='ltr'><strong>Tarquinii</strong></span> <span class='ocrx_word' id='word_1_30' title='bbox 915 460 1221 530; x_wconf 90' lang='lat' dir='ltr'><strong>somnium,</strong></span> <span class='ocrx_word' id='word_1_31' title='bbox 1246 460 1318 516; x_wconf 92' lang='lat' dir='ltr'><strong>de</strong></span> <span class='ocrx_word' id='word_1_32' title='bbox 1347 478 1461 536; x_wconf 88' lang='lat' dir='ltr'><strong>quo</strong></span> <span class='ocrx_word' id='word_1_33' title='bbox 1483 458 1543 515; x_wconf 91' lang='lat' dir='ltr'><strong>in</strong></span> <span class='ocrx_word' id='word_1_34' title='bbox 1566 458 1751 516; x_wconf 90' lang='lat' dir='ltr'><strong>Bruto</strong></span> <span class='ocrx_word' id='word_1_35' title='bbox 1779 459 1893 515; x_wconf 90' lang='lat' dir='ltr'><strong>Ac-</strong></span> 
     </span>
     <span class='ocr_line' id='line_1_6' title="bbox 209 539 755 617; baseline 0 -20"><span class='ocrx_word' id='word_1_36' title='bbox 209 541 285 597; x_wconf 87' lang='lat' dir='ltr'><strong>cii</strong></span> <span class='ocrx_word' id='word_1_37' title='bbox 312 539 567 617; x_wconf 89' lang='lat' dir='ltr'><strong>loquitur</strong></span> <span class='ocrx_word' id='word_1_38' title='bbox 594 540 755 617; x_wconf 69' lang='lat' dir='ltr'><strong>ipse?</strong></span> 
     </span>
    </p>
   </div>
   <div class='ocr_carea' id='block_1_3' title="bbox 210 657 1745 1443">
    <p class='ocr_par' dir='ltr' id='par_1_4' title="bbox 210 657 1745 1443">
     <span class='ocr_line' id='line_1_7' title="bbox 210 657 1501 724; baseline 0 -15"><span class='ocrx_word' id='word_1_39' title='bbox 210 657 304 711; x_wconf 88' lang='lat'><strong>44.</strong></span> <span class='ocrx_word' id='word_1_40' title='bbox 375 661 539 721; x_wconf 84' lang='lat' dir='ltr'><strong>Quom</strong></span> <span class='ocrx_word' id='word_1_41' title='bbox 560 661 662 709; x_wconf 85' lang='lat' dir='ltr'><strong>iam</strong></span> <span class='ocrx_word' id='word_1_42' title='bbox 683 661 835 724; x_wconf 84' lang='lat' dir='ltr'><strong>quieti</strong></span> <span class='ocrx_word' id='word_1_43' title='bbox 856 676 1031 723; x_wconf 89' lang='lat' dir='ltr'><strong>corpus</strong></span> <span class='ocrx_word' id='word_1_44' title='bbox 1053 670 1293 709; x_wconf 88' lang='lat' dir='ltr'><strong>nocturno</strong></span> <span class='ocrx_word' id='word_1_45' title='bbox 1314 661 1501 723; x_wconf 87' lang='lat' dir='ltr'><strong>impetu</strong></span> 
     </span>
     <span class='ocr_line' id='line_1_8' title="bbox 375 725 1375 789; baseline -0.002 -14"><span class='ocrx_word' id='word_1_46' title='bbox 375 727 508 775; x_wconf 88' lang='lat' dir='ltr'><strong>Dedi</strong></span> <span class='ocrx_word' id='word_1_47' title='bbox 529 741 702 789; x_wconf 89' lang='lat' dir='ltr'><strong>sopore</strong></span> <span class='ocrx_word' id='word_1_48' title='bbox 721 728 920 789; x_wconf 83' lang='lat' dir='ltr'><strong>placans</strong></span> <span class='ocrx_word' id='word_1_49' title='bbox 941 735 1075 774; x_wconf 85' lang='lat' dir='ltr'><strong>artus</strong></span> <span class='ocrx_word' id='word_1_50' title='bbox 1098 725 1375 786; x_wconf 63' lang='lat' dir='ltr'><strong>languidos»,</strong></span> 
     </span>
     <span class='ocr_line' id='line_1_9' title="bbox 372 792 1468 854; baseline -0.001 -15"><span class='ocrx_word' id='word_1_51' title='bbox 372 792 550 839; x_wconf 91' lang='lat' dir='ltr'><strong>Visust</strong></span> <span class='ocrx_word' id='word_1_52' title='bbox 570 792 621 840; x_wconf 91' lang='lat' dir='ltr'><strong>in</strong></span> <span class='ocrx_word' id='word_1_53' title='bbox 644 792 829 840; x_wconf 89' lang='lat' dir='ltr'><strong>somnis</strong></span> <span class='ocrx_word' id='word_1_54' title='bbox 849 803 1018 854; x_wconf 86' lang='lat' dir='ltr'><strong>pastor</strong></span> <span class='ocrx_word' id='word_1_55' title='bbox 1036 792 1099 840; x_wconf 85' lang='lat' dir='ltr'><strong>ad</strong></span> <span class='ocrx_word' id='word_1_56' title='bbox 1122 807 1203 840; x_wconf 90' lang='lat' dir='ltr'><strong>me</strong></span> <span class='ocrx_word' id='word_1_57' title='bbox 1221 792 1468 853; x_wconf 75' lang='lat' dir='ltr'><strong>appellere</strong></span> 
     </span>
     <span class='ocr_line' id='line_1_10' title="bbox 370 855 1451 918; baseline 0.001 -14"><span class='ocrx_word' id='word_1_58' title='bbox 370 856 533 905; x_wconf 86' lang='lat' dir='ltr'><strong>Pecus</strong></span> <span class='ocrx_word' id='word_1_59' title='bbox 556 857 832 917; x_wconf 89' lang='lat' dir='ltr'><strong>lanigerum</strong></span> <span class='ocrx_word' id='word_1_60' title='bbox 851 857 1038 905; x_wconf 83' lang='lat' dir='ltr'><strong>eximia</strong></span> <span class='ocrx_word' id='word_1_61' title='bbox 1058 855 1451 918; x_wconf 82' lang='lat' dir='ltr'><strong>pulchritudine:</strong></span> 
     </span>
     <span class='ocr_line' id='line_1_11' title="bbox 371 921 1392 983; baseline -0.001 -13"><span class='ocrx_word' id='word_1_62' title='bbox 371 923 513 970; x_wconf 89' lang='lat' dir='ltr'><strong>Duos</strong></span> <span class='ocrx_word' id='word_1_63' title='bbox 535 923 924 982; x_wconf 85' lang='lat' dir='ltr'><strong>consanguineos</strong></span> <span class='ocrx_word' id='word_1_64' title='bbox 944 923 1122 971; x_wconf 84' lang='lat' dir='ltr'><strong>arietes</strong></span> <span class='ocrx_word' id='word_1_65' title='bbox 1142 922 1258 970; x_wconf 90' lang='lat' dir='ltr'><strong>inde</strong></span> <span class='ocrx_word' id='word_1_66' title='bbox 1276 921 1392 983; x_wconf 87' lang='lat' dir='ltr'><strong>eligi</strong></span> 
     </span>
     <span class='ocr_line' id='line_1_12' title="bbox 372 987 1496 1049; baseline 0.004 -15"><span class='ocrx_word' id='word_1_67' title='bbox 372 987 858 1049; x_wconf 86' lang='lat' dir='ltr'><strong>Praeclarioremque</strong></span> <span class='ocrx_word' id='word_1_68' title='bbox 878 988 1089 1036; x_wconf 88' lang='lat' dir='ltr'><strong>alterum</strong></span> <span class='ocrx_word' id='word_1_69' title='bbox 1109 987 1367 1036; x_wconf 87' lang='lat' dir='ltr'><strong>immolare</strong></span> <span class='ocrx_word' id='word_1_70' title='bbox 1386 1005 1496 1038; x_wconf 86' lang='lat' dir='ltr'><strong>me:</strong></span> 
     </span>
     <span class='ocr_line' id='line_1_13' title="bbox 372 1053 1483 1117; baseline 0.002 -16"><span class='ocrx_word' id='word_1_71' title='bbox 372 1053 569 1117; x_wconf 78' lang='lat' dir='ltr'><strong>Deinde</strong></span> <span class='ocrx_word' id='word_1_72' title='bbox 590 1053 692 1101; x_wconf 89' lang='lat' dir='ltr'><strong>eius</strong></span> <span class='ocrx_word' id='word_1_73' title='bbox 713 1067 1004 1113; x_wconf 85' lang='lat' dir='ltr'><strong>germanum</strong></span> <span class='ocrx_word' id='word_1_74' title='bbox 1023 1054 1252 1101; x_wconf 90' lang='lat' dir='ltr'><strong>cornibus</strong></span> <span class='ocrx_word' id='word_1_75' title='bbox 1276 1055 1483 1103; x_wconf 87' lang='lat' dir='ltr'><strong>conitier</strong></span> 
     </span>
     <span class='ocr_line' id='line_1_14' title="bbox 373 1118 1616 1180; baseline 0.002 -15"><span class='ocrx_word' id='word_1_76' title='bbox 373 1119 434 1165; x_wconf 88' lang='lat' dir='ltr'><strong>Iu</strong></span> <span class='ocrx_word' id='word_1_77' title='bbox 457 1132 538 1166; x_wconf 90' lang='lat' dir='ltr'><strong>me</strong></span> <span class='ocrx_word' id='word_1_78' title='bbox 560 1119 781 1177; x_wconf 87' lang='lat' dir='ltr'><strong>arietare‚</strong></span> <span class='ocrx_word' id='word_1_79' title='bbox 804 1132 957 1180; x_wconf 91' lang='lat' dir='ltr'><strong>eoque</strong></span> <span class='ocrx_word' id='word_1_80' title='bbox 977 1118 1079 1166; x_wconf 92' lang='lat' dir='ltr'><strong>ictu</strong></span> <span class='ocrx_word' id='word_1_81' title='bbox 1098 1133 1179 1166; x_wconf 89' lang='lat' dir='ltr'><strong>me</strong></span> <span class='ocrx_word' id='word_1_82' title='bbox 1198 1118 1262 1166; x_wconf 86' lang='lat' dir='ltr'><strong>ad</strong></span> <span class='ocrx_word' id='word_1_83' title='bbox 1286 1133 1456 1168; x_wconf 87' lang='lat' dir='ltr'><strong>casum</strong></span> <span class='ocrx_word' id='word_1_84' title='bbox 1479 1119 1616 1167; x_wconf 86' lang='lat' dir='ltr'><strong>dari:</strong></span> 
     </span>
     <span class='ocr_line' id='line_1_15' title="bbox 374 1184 1492 1245; baseline 0.001 -13"><span class='ocrx_word' id='word_1_85' title='bbox 374 1184 510 1232; x_wconf 84' lang='lat' dir='ltr'><strong>Exin</strong></span> <span class='ocrx_word' id='word_1_86' title='bbox 530 1193 829 1244; x_wconf 86' lang='lat' dir='ltr'><strong>prostratum</strong></span> <span class='ocrx_word' id='word_1_87' title='bbox 851 1193 998 1244; x_wconf 87' lang='lat' dir='ltr'><strong>terra,</strong></span> <span class='ocrx_word' id='word_1_88' title='bbox 1020 1184 1237 1244; x_wconf 84' lang='lat' dir='ltr'><strong>graviter</strong></span> <span class='ocrx_word' id='word_1_89' title='bbox 1254 1186 1492 1245; x_wconf 85' lang='lat' dir='ltr'><strong>saucium,</strong></span> 
     </span>
     <span class='ocr_line' id='line_1_16' title="bbox 375 1248 1526 1309; baseline 0.002 -14"><span class='ocrx_word' id='word_1_90' title='bbox 375 1249 679 1309; x_wconf 86' lang='lat' dir='ltr'><strong>Resupinum</strong></span> <span class='ocrx_word' id='word_1_91' title='bbox 700 1250 752 1296; x_wconf 88' lang='lat' dir='ltr'><strong>in</strong></span> <span class='ocrx_word' id='word_1_92' title='bbox 773 1248 910 1298; x_wconf 87' lang='lat' dir='ltr'><strong>caelo</strong></span> <span class='ocrx_word' id='word_1_93' title='bbox 929 1250 1150 1298; x_wconf 87' lang='lat' dir='ltr'><strong>contueri</strong></span> <span class='ocrx_word' id='word_1_94' title='bbox 1170 1251 1446 1299; x_wconf 85' lang='lat' dir='ltr'><strong>maximum</strong></span> <span class='ocrx_word' id='word_1_95' title='bbox 1467 1264 1526 1298; x_wconf 83' lang='lat' dir='ltr'><strong>ac</strong></span> 
     </span>
     <span class='ocr_line' id='line_1_17' title="bbox 374 1314 1745 1365; baseline 0.001 -4"><span class='ocrx_word' id='word_1_96' title='bbox 374 1314 642 1362; x_wconf 84' lang='lat' dir='ltr'><strong>Mirificum</strong></span> <span class='ocrx_word' id='word_1_97' title='bbox 666 1314 886 1362; x_wconf 87' lang='lat' dir='ltr'><strong>facinus:</strong></span> <span class='ocrx_word' id='word_1_98' title='bbox 927 1314 1242 1363; x_wconf 78' lang='lat' dir='ltr'><strong>dextrorsum</strong></span> <span class='ocrx_word' id='word_1_99' title='bbox 1268 1316 1436 1365; x_wconf 89' lang='lat' dir='ltr'><strong>orbem</strong></span> <span class='ocrx_word' id='word_1_100' title='bbox 1459 1315 1745 1364; x_wconf 88' lang='lat' dir='ltr'><strong>flammeum</strong></span> 
     </span>
     <span class='ocr_line' id='line_1_18' title="bbox 371 1379 1315 1443; baseline 0.001 -15"><span class='ocrx_word' id='word_1_101' title='bbox 371 1379 643 1428; x_wconf 82' lang='lat' dir='ltr'><strong>Radiatum</strong></span> <span class='ocrx_word' id='word_1_102' title='bbox 669 1380 784 1428; x_wconf 91' lang='lat' dir='ltr'><strong>solis</strong></span> <span class='ocrx_word' id='word_1_103' title='bbox 806 1380 980 1443; x_wconf 87' lang='lat' dir='ltr'><strong>liquier</strong></span> <span class='ocrx_word' id='word_1_104' title='bbox 1000 1395 1148 1428; x_wconf 88' lang='lat' dir='ltr'><strong>cursu</strong></span> <span class='ocrx_word' id='word_1_105' title='bbox 1169 1395 1315 1429; x_wconf 81' lang='lat' dir='ltr'><strong>novo,</strong></span> 
     </span>
    </p>
   </div>
   <div class='ocr_carea' id='block_1_4' title="bbox 214 1511 1897 1669">
    <p class='ocr_par' dir='ltr' id='par_1_5' title="bbox 214 1511 1897 1669">
     <span class='ocr_line' id='line_1_19' title="bbox 216 1511 1897 1591; baseline 0 -22"><span class='ocrx_word' id='word_1_106' title='bbox 216 1518 311 1570; x_wconf 88' lang='lat'><strong>45.</strong></span> <span class='ocrx_word' id='word_1_107' title='bbox 356 1512 496 1570; x_wconf 91' lang='lat' dir='ltr'><strong>Eius</strong></span> <span class='ocrx_word' id='word_1_108' title='bbox 537 1513 715 1590; x_wconf 79' lang='lat' dir='ltr'><strong>igitur</strong></span> <span class='ocrx_word' id='word_1_109' title='bbox 755 1514 964 1571; x_wconf 88' lang='lat' dir='ltr'><strong>somnii</strong></span> <span class='ocrx_word' id='word_1_110' title='bbox 999 1533 1033 1571; x_wconf 88' lang='lat' dir='ltr'><strong>a</strong></span> <span class='ocrx_word' id='word_1_111' title='bbox 1065 1513 1485 1571; x_wconf 86' lang='lat' dir='ltr'><strong>coniectoribus</strong></span> <span class='ocrx_word' id='word_1_112' title='bbox 1528 1532 1673 1591; x_wconf 89' lang='lat' dir='ltr'><strong>quae</strong></span> <span class='ocrx_word' id='word_1_113' title='bbox 1706 1512 1780 1570; x_wconf 82' lang='lat' dir='ltr'><strong>sit</strong></span> <span class='ocrx_word' id='word_1_114' title='bbox 1812 1511 1897 1569; x_wconf 88' lang='lat' dir='ltr'><strong>in-</strong></span> 
     </span>
     <span class='ocr_line' id='line_1_20' title="bbox 214 1593 1088 1669; baseline 0 -19"><span class='ocrx_word' id='word_1_115' title='bbox 214 1593 548 1669; x_wconf 83' lang='lat' dir='ltr'><strong>terpretatio</strong></span> <span class='ocrx_word' id='word_1_116' title='bbox 577 1594 734 1651; x_wconf 84' lang='lat' dir='ltr'><strong>facta</strong></span> <span class='ocrx_word' id='word_1_117' title='bbox 761 1593 1088 1650; x_wconf 87' lang='lat' dir='ltr'><strong>videamus:</strong></span> 
     </span>
    </p>
   </div>
   <div class='ocr_carea' id='block_1_5' title="bbox 216 1721 1890 1785">
    <p class='ocr_par' dir='ltr' id='par_1_6' title="bbox 216 1721 1890 1785">
     <span class='ocr_line' id='line_1_21' title="bbox 216 1721 1890 1785; baseline -0.001 -15"><span class='ocrx_word' id='word_1_118' title='bbox 216 1723 345 1783; x_wconf 59' lang='lat' dir='ltr'><strong>Reiz,</strong></span> <span class='ocrx_word' id='word_1_119' title='bbox 370 1722 568 1785; x_wconf 85' lang='lat' dir='ltr'><strong>quaein</strong></span> <span class='ocrx_word' id='word_1_120' title='bbox 588 1721 689 1770; x_wconf 83' lang='lat' dir='ltr'><strong>vita</strong></span> <span class='ocrx_word' id='word_1_121' title='bbox 713 1729 951 1785; x_wconf 87' lang='lat' dir='ltr'><strong>usurpant</strong></span> <span class='ocrx_word' id='word_1_122' title='bbox 974 1722 1214 1784; x_wconf 78' lang='lat' dir='ltr'><strong>homine3‚</strong></span> <span class='ocrx_word' id='word_1_123' title='bbox 1236 1723 1471 1784; x_wconf 87' lang='lat' dir='ltr'><strong>cogitant,</strong></span> <span class='ocrx_word' id='word_1_124' title='bbox 1495 1731 1686 1783; x_wconf 84' lang='lat' dir='ltr'><strong>curant,</strong></span> <span class='ocrx_word' id='word_1_125' title='bbox 1707 1721 1890 1780; x_wconf 81' lang='lat' dir='ltr'><strong>vident,</strong></span> 
     </span>
    </p>
   </div>
   <div class='ocr_carea' id='block_1_6' title="bbox 217 1787 1899 1912">
    <p class='ocr_par' dir='ltr' id='par_1_7' title="bbox 217 1787 1899 1912">
     <span class='ocr_line' id='line_1_22' title="bbox 217 1787 1899 1899; baseline 0 -64"><span class='ocrx_word' id='word_1_126' title='bbox 217 1788 455 1899; x_wconf 52' lang='lat' dir='ltr'><strong>Quaequg</strong></span> <span class='ocrx_word' id='word_1_127' title='bbox 481 1795 636 1846; x_wconf 88' lang='lat' dir='ltr'><strong>agunt</strong></span> <span class='ocrx_word' id='word_1_128' title='bbox 663 1787 924 1848; x_wconf 82' lang='lat' dir='ltr'><strong>vigilantes</strong></span> <span class='ocrx_word' id='word_1_129' title='bbox 944 1788 1246 1852; x_wconf 83' lang='lat' dir='ltr'><strong>agitantque,</strong></span> <span class='ocrx_word' id='word_1_130' title='bbox 1264 1803 1323 1837; x_wconf 83' lang='lat' dir='ltr'><strong>ea</strong></span> <span class='ocrx_word' id='word_1_131' title='bbox 1344 1790 1386 1836; x_wconf 91' lang='lat' dir='ltr'><strong>si</strong></span> <span class='ocrx_word' id='word_1_132' title='bbox 1407 1789 1484 1851; x_wconf 88' lang='lat' dir='ltr'><strong>cui</strong></span> <span class='ocrx_word' id='word_1_133' title='bbox 1504 1789 1556 1836; x_wconf 91' lang='lat' dir='ltr'><strong>in</strong></span> <span class='ocrx_word' id='word_1_134' title='bbox 1578 1803 1751 1837; x_wconf 88' lang='lat' dir='ltr'><strong>somno</strong></span> <span class='ocrx_word' id='word_1_135' title='bbox 1770 1788 1899 1836; x_wconf 86' lang='lat' dir='ltr'><strong>acci-</strong></span> 
     </span>
     <span class='ocr_line' id='line_1_23' title="bbox 451 1862 552 1912; baseline 0 -13"><span class='ocrx_word' id='word_1_136' title='bbox 451 1862 552 1912; x_wconf 85' lang='lat' dir='ltr'><strong>unt,</strong></span> 
     </span>
    </p>
   </div>
   <div class='ocr_carea' id='block_1_7' title="bbox 217 1917 1900 2030">
    <p class='ocr_par' dir='ltr' id='par_1_8' title="bbox 217 1917 1900 2030">
     <span class='ocr_line' id='line_1_24' title="bbox 217 1917 1900 2028; baseline 0 -63"><span class='ocrx_word' id='word_1_137' title='bbox 217 1917 388 1965; x_wconf 89' lang='lat' dir='ltr'><strong>Minus</strong></span> <span class='ocrx_word' id='word_1_138' title='bbox 416 1917 699 2028; x_wconf 34' lang='lat' dir='ltr'><strong>uhi-randum</strong></span> <span class='ocrx_word' id='word_1_139' title='bbox 724 1926 815 1980; x_wconf 90' lang='lat' dir='ltr'><strong>est,</strong></span> <span class='ocrx_word' id='word_1_140' title='bbox 840 1919 926 1968; x_wconf 89' lang='lat' dir='ltr'><strong>sed</strong></span> <span class='ocrx_word' id='word_1_141' title='bbox 946 1919 997 1966; x_wconf 89' lang='lat' dir='ltr'><strong>in</strong></span> <span class='ocrx_word' id='word_1_142' title='bbox 1026 1933 1079 1967; x_wconf 89' lang='lat' dir='ltr'><strong>re</strong></span> <span class='ocrx_word' id='word_1_143' title='bbox 1107 1924 1247 1967; x_wconf 84' lang='lat' dir='ltr'><strong>tanta</strong></span> <span class='ocrx_word' id='word_1_144' title='bbox 1272 1918 1405 1967; x_wconf 90' lang='lat' dir='ltr'><strong>haud</strong></span> <span class='ocrx_word' id='word_1_145' title='bbox 1426 1929 1610 1967; x_wconf 89' lang='lat' dir='ltr'><strong>temere</strong></span> <span class='ocrx_word' id='word_1_146' title='bbox 1631 1917 1900 1981; x_wconf 74' lang='lat' dir='ltr'><strong>improviso</strong></span> 
     </span>
     <span class='ocr_line' id='line_1_25' title="bbox 414 1991 644 2030; baseline 0.004 -1"><span class='ocrx_word' id='word_1_147' title='bbox 414 1997 444 2029; x_wconf 96' lang='lat' dir='ltr'><strong>o</strong></span> <span class='ocrx_word' id='word_1_148' title='bbox 485 1991 644 2030; x_wconf 88' lang='lat' dir='ltr'><strong>erunt.</strong></span> 
     </span>
    </p>
   </div>
   <div class='ocr_carea' id='block_1_8' title="bbox 218 2046 1902 2372">
    <p class='ocr_par' dir='ltr' id='par_1_9' title="bbox 218 2046 1902 2372">
     <span class='ocr_line' id='line_1_26' title="bbox 218 2046 1894 2112; baseline 0 -16"><span class='ocrx_word' id='word_1_149' title='bbox 218 2047 372 2096; x_wconf 85' lang='lat' dir='ltr'><strong>Proin</strong></span> <span class='ocrx_word' id='word_1_150' title='bbox 392 2046 505 2095; x_wconf 75' lang='lat' dir='ltr'><strong>vide</strong></span> <span class='ocrx_word' id='word_1_151' title='bbox 528 2062 605 2108; x_wconf 88' lang='lat' dir='ltr'><strong>ne,</strong></span> <span class='ocrx_word' id='word_1_152' title='bbox 630 2063 777 2110; x_wconf 89' lang='lat' dir='ltr'><strong>quem</strong></span> <span class='ocrx_word' id='word_1_153' title='bbox 801 2056 854 2097; x_wconf 92' lang='lat' dir='ltr'><strong>tu</strong></span> <span class='ocrx_word' id='word_1_154' title='bbox 878 2064 983 2098; x_wconf 91' lang='lat' dir='ltr'><strong>esse</strong></span> <span class='ocrx_word' id='word_1_155' title='bbox 1005 2048 1231 2098; x_wconf 86' lang='lat' dir='ltr'><strong>hebetem</strong></span> <span class='ocrx_word' id='word_1_156' title='bbox 1253 2048 1461 2110; x_wconf 88' lang='lat' dir='ltr'><strong>deputes</strong></span> <span class='ocrx_word' id='word_1_157' title='bbox 1480 2064 1635 2112; x_wconf 87' lang='lat' dir='ltr'><strong>aeque</strong></span> <span class='ocrx_word' id='word_1_158' title='bbox 1654 2063 1712 2096; x_wconf 85' lang='lat' dir='ltr'><strong>ac</strong></span> <span class='ocrx_word' id='word_1_159' title='bbox 1727 2062 1894 2111; x_wconf 78' lang='lat' dir='ltr'><strong>pecuS,</strong></span> 
     </span>
     <span class='ocr_line' id='line_1_27' title="bbox 220 2113 1432 2176; baseline 0.001 -16"><span class='ocrx_word' id='word_1_160' title='bbox 220 2115 271 2160; x_wconf 92' lang='lat' dir='ltr'><strong>Is</strong></span> <span class='ocrx_word' id='word_1_161' title='bbox 299 2113 539 2176; x_wconf 82' lang='lat' dir='ltr'><strong>sapientia</strong></span> <span class='ocrx_word' id='word_1_162' title='bbox 564 2115 809 2162; x_wconf 89' lang='lat' dir='ltr'><strong>munitum</strong></span> <span class='ocrx_word' id='word_1_163' title='bbox 830 2123 1000 2176; x_wconf 88' lang='lat' dir='ltr'><strong>pectus</strong></span> <span class='ocrx_word' id='word_1_164' title='bbox 1022 2115 1270 2175; x_wconf 78' lang='lat' dir='ltr'><strong>egregium</strong></span> <span class='ocrx_word' id='word_1_165' title='bbox 1292 2122 1432 2174; x_wconf 86' lang='lat' dir='ltr'><strong>gerat</strong></span> 
     </span>
     <span class='ocr_line' id='line_1_28' title="bbox 219 2178 1902 2291; baseline 0 -65"><span class='ocrx_word' id='word_1_166' title='bbox 219 2180 387 2242; x_wconf 83' lang='lat' dir='ltr'><strong>Teque</strong></span> <span class='ocrx_word' id='word_1_167' title='bbox 424 2193 577 2291; x_wconf 46' lang='lat' dir='ltr'><strong>riguo</strong></span> <span class='ocrx_word' id='word_1_168' title='bbox 612 2179 858 2242; x_wconf 81' lang='lat' dir='ltr'><strong>expellat:</strong></span> <span class='ocrx_word' id='word_1_169' title='bbox 896 2195 1013 2228; x_wconf 88' lang='lat' dir='ltr'><strong>nam</strong></span> <span class='ocrx_word' id='word_1_170' title='bbox 1049 2180 1118 2241; x_wconf 91' lang='lat' dir='ltr'><strong>id,</strong></span> <span class='ocrx_word' id='word_1_171' title='bbox 1148 2180 1280 2242; x_wconf 91' lang='lat' dir='ltr'><strong>quod</strong></span> <span class='ocrx_word' id='word_1_172' title='bbox 1312 2180 1375 2228; x_wconf 90' lang='lat' dir='ltr'><strong>de</strong></span> <span class='ocrx_word' id='word_1_173' title='bbox 1407 2178 1510 2228; x_wconf 85' lang='lat' dir='ltr'><strong>sole</strong></span> <span class='ocrx_word' id='word_1_174' title='bbox 1543 2185 1793 2231; x_wconf 81' lang='lat' dir='ltr'><strong>ostentum</strong></span> <span class='ocrx_word' id='word_1_175' title='bbox 1825 2184 1902 2226; x_wconf 91' lang='lat' dir='ltr'><strong>est</strong></span> 
     </span>
     <span class='ocr_line' id='line_1_29' title="bbox 219 2254 1448 2372; baseline 0.001 -14"><span class='ocrx_word' id='word_1_176' title='bbox 219 2254 872 2371; x_wconf 62' lang='lat' dir='ltr'><strong>Populotcolmmutationem</strong></span> <span class='ocrx_word' id='word_1_177' title='bbox 894 2325 1053 2358; x_wconf 90' lang='lat' dir='ltr'><strong>rerum</strong></span> <span class='ocrx_word' id='word_1_178' title='bbox 1076 2309 1326 2372; x_wconf 88' lang='lat' dir='ltr'><strong>portendit</strong></span> <span class='ocrx_word' id='word_1_179' title='bbox 1343 2309 1448 2359; x_wconf 86' lang='lat' dir='ltr'><strong>fore</strong></span> 
     </span>
    </p>
   </div>
   <div class='ocr_carea' id='block_1_9' title="bbox 220 2372 1905 2488">
    <p class='ocr_par' dir='ltr' id='par_1_10' title="bbox 220 2372 1905 2488">
     <span class='ocr_line' id='line_1_30' title="bbox 220 2372 1905 2438; baseline -0.001 -15"><span class='ocrx_word' id='word_1_180' title='bbox 220 2375 662 2438; x_wconf 88' lang='lat' dir='ltr'><strong>Perpropinquam.</strong></span> <span class='ocrx_word' id='word_1_181' title='bbox 729 2376 871 2424; x_wconf 87' lang='lat' dir='ltr'><strong>Haec</strong></span> <span class='ocrx_word' id='word_1_182' title='bbox 893 2376 1018 2424; x_wconf 89' lang='lat' dir='ltr'><strong>bene</strong></span> <span class='ocrx_word' id='word_1_183' title='bbox 1039 2385 1331 2424; x_wconf 85' lang='lat' dir='ltr'><strong>verruncent</strong></span> <span class='ocrx_word' id='word_1_184' title='bbox 1353 2375 1548 2438; x_wconf 77' lang='lat' dir='ltr'><strong>populo,</strong></span> <span class='ocrx_word' id='word_1_185' title='bbox 1611 2374 1748 2424; x_wconf 87' lang='lat' dir='ltr'><strong>Nam</strong></span> <span class='ocrx_word' id='word_1_186' title='bbox 1769 2372 1905 2437; x_wconf 87' lang='lat' dir='ltr'><strong>quod</strong></span> 
     </span>
     <span class='ocr_line' id='line_1_31' title="bbox 415 2441 1536 2488; baseline -0.004 0"><span class='ocrx_word' id='word_1_187' title='bbox 415 2441 480 2488; x_wconf 86' lang='lat' dir='ltr'><strong>ad</strong></span> <span class='ocrx_word' id='word_1_188' title='bbox 501 2441 761 2488; x_wconf 84' lang='lat' dir='ltr'><strong>dexteram</strong></span> <span class='ocrx_word' id='word_1_189' title='bbox 1531 2456 1536 2461; x_wconf 92' lang='grc'><em>·</em></span> 
     </span>
    </p>
   </div>
   <div class='ocr_carea' id='block_1_10' title="bbox 221 2504 1735 2634">
    <p class='ocr_par' dir='ltr' id='par_1_11' title="bbox 221 2504 1735 2634">
     <span class='ocr_line' id='line_1_32' title="bbox 222 2504 1724 2569; baseline -0.002 -14"><span class='ocrx_word' id='word_1_190' title='bbox 222 2506 368 2569; x_wconf 87' lang='lat' dir='ltr'><strong>Cepit</strong></span> <span class='ocrx_word' id='word_1_191' title='bbox 389 2521 586 2554; x_wconf 90' lang='lat' dir='ltr'><strong>cursum</strong></span> <span class='ocrx_word' id='word_1_192' title='bbox 611 2506 674 2553; x_wconf 85' lang='lat' dir='ltr'><strong>ab</strong></span> <span class='ocrx_word' id='word_1_193' title='bbox 695 2505 834 2553; x_wconf 85' lang='lat' dir='ltr'><strong>laeva</strong></span> <span class='ocrx_word' id='word_1_194' title='bbox 853 2505 1046 2566; x_wconf 87' lang='lat' dir='ltr'><strong>signum</strong></span> <span class='ocrx_word' id='word_1_195' title='bbox 1067 2512 1376 2568; x_wconf 87' lang='lat' dir='ltr'><strong>praepotens,</strong></span> <span class='ocrx_word' id='word_1_196' title='bbox 1397 2504 1724 2567; x_wconf 85' lang='lat' dir='ltr'><strong>pulcherrime</strong></span> 
     </span>
     <span class='ocr_line' id='line_1_33' title="bbox 221 2571 1735 2634; baseline -0.002 -14"><span class='ocrx_word' id='word_1_197' title='bbox 221 2574 541 2632; x_wconf 87' lang='lat' dir='ltr'><strong>Auguratum</strong></span> <span class='ocrx_word' id='word_1_198' title='bbox 561 2579 635 2619; x_wconf 86' lang='lat' dir='ltr'><strong>est</strong></span> <span class='ocrx_word' id='word_1_199' title='bbox 654 2586 760 2620; x_wconf 87' lang='lat' dir='ltr'><strong>rem</strong></span> <span class='ocrx_word' id='word_1_200' title='bbox 780 2571 1059 2619; x_wconf 83' lang='lat' dir='ltr'><strong>Romanam</strong></span> <span class='ocrx_word' id='word_1_201' title='bbox 1078 2571 1326 2634; x_wconf 88' lang='lat' dir='ltr'><strong>publicam</strong></span> <span class='ocrx_word' id='word_1_202' title='bbox 1346 2586 1594 2619; x_wconf 87' lang='lat' dir='ltr'><strong>summam</strong></span> <span class='ocrx_word' id='word_1_203' title='bbox 1616 2571 1735 2618; x_wconf 89' lang='lat' dir='ltr'><strong>fore.</strong></span> 
     </span>
    </p>
   </div>
   <div class='ocr_carea' id='block_1_11' title="bbox 224 2695 1911 3252">
    <p class='ocr_par' dir='ltr' id='par_1_12' title="bbox 224 2695 1911 3252">
     <span class='ocr_line' id='line_1_34' title="bbox 224 2695 1910 2775; baseline -0.001 -19"><span class='ocrx_word' id='word_1_204' title='bbox 224 2698 453 2756; x_wconf 91' lang='lat' dir='ltr'>XXIII.</span> <span class='ocrx_word' id='word_1_205' title='bbox 540 2704 635 2756; x_wconf 85' lang='lat'><strong>46.</strong></span> <span class='ocrx_word' id='word_1_206' title='bbox 680 2699 811 2775; x_wconf 80' lang='lat' dir='ltr'><strong>Age</strong></span> <span class='ocrx_word' id='word_1_207' title='bbox 844 2717 996 2755; x_wconf 92' lang='lat' dir='ltr'><strong>nunc</strong></span> <span class='ocrx_word' id='word_1_208' title='bbox 1024 2698 1099 2754; x_wconf 88' lang='lat' dir='ltr'><strong>ad</strong></span> <span class='ocrx_word' id='word_1_209' title='bbox 1128 2703 1360 2755; x_wconf 88' lang='lat' dir='ltr'><strong>externa</strong></span> <span class='ocrx_word' id='word_1_210' title='bbox 1392 2697 1703 2755; x_wconf 80' lang='lat' dir='ltr'><strong>redeamus,</strong></span> <span class='ocrx_word' id='word_1_211' title='bbox 1788 2695 1910 2754; x_wconf 90' lang='lat' dir='ltr'><strong>Ma-</strong></span> 
     </span>
     <span class='ocr_line' id='line_1_35' title="bbox 225 2775 1909 2849; baseline -0.002 -12"><span class='ocrx_word' id='word_1_212' title='bbox 225 2787 372 2838; x_wconf 88' lang='lat' dir='ltr'><strong>trem</strong></span> <span class='ocrx_word' id='word_1_213' title='bbox 408 2778 729 2836; x_wconf 86' lang='lat' dir='ltr'><strong>Phalaridis</strong></span> <span class='ocrx_word' id='word_1_214' title='bbox 772 2778 969 2836; x_wconf 87' lang='lat' dir='ltr'><strong>scribit</strong></span> <span class='ocrx_word' id='word_1_215' title='bbox 1002 2778 1281 2835; x_wconf 90' lang='lat' dir='ltr'><strong>Ponticus</strong></span> <span class='ocrx_word' id='word_1_216' title='bbox 1314 2777 1663 2849; x_wconf 78' lang='lat' dir='ltr'><strong>HeraclideS,</strong></span> <span class='ocrx_word' id='word_1_217' title='bbox 1701 2775 1909 2834; x_wconf 89' lang='lat' dir='ltr'><strong>doctus</strong></span> 
     </span>
     <span class='ocr_line' id='line_1_36' title="bbox 225 2857 1909 2935; baseline -0.001 -20"><span class='ocrx_word' id='word_1_218' title='bbox 225 2860 327 2929; x_wconf 89' lang='lat' dir='ltr'><strong>vir,</strong></span> <span class='ocrx_word' id='word_1_219' title='bbox 359 2858 588 2915; x_wconf 86' lang='lat' dir='ltr'><strong>auditor</strong></span> <span class='ocrx_word' id='word_1_220' title='bbox 621 2866 678 2915; x_wconf 89' lang='lat' dir='ltr'><strong>et</strong></span> <span class='ocrx_word' id='word_1_221' title='bbox 707 2859 1019 2935; x_wconf 88' lang='lat' dir='ltr'><strong>discipulus</strong></span> <span class='ocrx_word' id='word_1_222' title='bbox 1047 2858 1323 2928; x_wconf 80' lang='lat' dir='ltr'><strong>PlatoniS‚</strong></span> <span class='ocrx_word' id='word_1_223' title='bbox 1350 2859 1526 2914; x_wconf 89' lang='lat' dir='ltr'><strong>visam</strong></span> <span class='ocrx_word' id='word_1_224' title='bbox 1562 2877 1682 2914; x_wconf 88' lang='lat' dir='ltr'><strong>esse</strong></span> <span class='ocrx_word' id='word_1_225' title='bbox 1715 2857 1909 2914; x_wconf 91' lang='lat' dir='ltr'><strong>videre</strong></span> 
     </span>
     <span class='ocr_line' id='line_1_37' title="bbox 226 2937 1910 3014; baseline -0.001 -19"><span class='ocrx_word' id='word_1_226' title='bbox 226 2940 289 2995; x_wconf 91' lang='lat' dir='ltr'><strong>in</strong></span> <span class='ocrx_word' id='word_1_227' title='bbox 322 2937 538 2993; x_wconf 88' lang='lat' dir='ltr'><strong>somnis</strong></span> <span class='ocrx_word' id='word_1_228' title='bbox 572 2938 871 2994; x_wconf 82' lang='lat' dir='ltr'><strong>simulacra</strong></span> <span class='ocrx_word' id='word_1_229' title='bbox 902 2938 1159 3007; x_wconf 81' lang='lat' dir='ltr'><strong>deorum,</strong></span> <span class='ocrx_word' id='word_1_230' title='bbox 1187 2956 1329 3013; x_wconf 90' lang='lat' dir='ltr'><strong>quae</strong></span> <span class='ocrx_word' id='word_1_231' title='bbox 1363 2939 1488 3014; x_wconf 85' lang='lat' dir='ltr'><strong>ipsa</strong></span> <span class='ocrx_word' id='word_1_232' title='bbox 1521 2937 1681 2994; x_wconf 88' lang='lat' dir='ltr'><strong>domi</strong></span> <span class='ocrx_word' id='word_1_233' title='bbox 1715 2956 1910 2993; x_wconf 90' lang='lat' dir='ltr'><strong>eonse-</strong></span> 
     </span>
     <span class='ocr_line' id='line_1_38' title="bbox 229 3017 1911 3095; baseline 0 -21"><span class='ocrx_word' id='word_1_234' title='bbox 229 3018 529 3074; x_wconf 84' lang='lat' dir='ltr'><strong>cravisset:</strong></span> <span class='ocrx_word' id='word_1_235' title='bbox 581 3035 649 3071; x_wconf 88' lang='lat' dir='ltr'><strong>ex</strong></span> <span class='ocrx_word' id='word_1_236' title='bbox 684 3017 773 3072; x_wconf 90' lang='lat' dir='ltr'><strong>his</strong></span> <span class='ocrx_word' id='word_1_237' title='bbox 807 3017 1152 3074; x_wconf 89' lang='lat' dir='ltr'><strong>Mercurium</strong></span> <span class='ocrx_word' id='word_1_238' title='bbox 1187 3037 1218 3073; x_wconf 91' lang='lat' dir='ltr'><strong>e</strong></span> <span class='ocrx_word' id='word_1_239' title='bbox 1250 3025 1460 3093; x_wconf 87' lang='lat' dir='ltr'><strong>patera,</strong></span> <span class='ocrx_word' id='word_1_240' title='bbox 1494 3036 1666 3095; x_wconf 90' lang='lat' dir='ltr'><strong>quam</strong></span> <span class='ocrx_word' id='word_1_241' title='bbox 1708 3017 1911 3074; x_wconf 87' lang='lat' dir='ltr'><strong>dextra</strong></span> 
     </span>
     <span class='ocr_line' id='line_1_39' title="bbox 229 3096 1911 3173; baseline 0.001 -21"><span class='ocrx_word' id='word_1_242' title='bbox 229 3114 406 3152; x_wconf 89' lang='lat' dir='ltr'><strong>manu</strong></span> <span class='ocrx_word' id='word_1_243' title='bbox 452 3100 688 3164; x_wconf 85' lang='lat' dir='ltr'><strong>teneret,</strong></span> <span class='ocrx_word' id='word_1_244' title='bbox 725 3096 1060 3170; x_wconf 80' lang='lat' dir='ltr'><strong>sanguinem</strong></span> <span class='ocrx_word' id='word_1_245' title='bbox 1110 3096 1296 3152; x_wconf 89' lang='lat' dir='ltr'><strong>visum</strong></span> <span class='ocrx_word' id='word_1_246' title='bbox 1344 3117 1463 3154; x_wconf 89' lang='lat' dir='ltr'><strong>esse</strong></span> <span class='ocrx_word' id='word_1_247' title='bbox 1511 3096 1770 3166; x_wconf 86' lang='lat' dir='ltr'><strong>fundere,</strong></span> <span class='ocrx_word' id='word_1_248' title='bbox 1809 3097 1911 3173; x_wconf 88' lang='lat' dir='ltr'><strong>qui</strong></span> 
     </span>
     <span class='ocr_line' id='line_1_40' title="bbox 233 3174 1911 3252; baseline 0.002 -21"><span class='ocrx_word' id='word_1_249' title='bbox 233 3193 364 3231; x_wconf 88' lang='lat' dir='ltr'><strong>cum</strong></span> <span class='ocrx_word' id='word_1_250' title='bbox 405 3181 614 3252; x_wconf 83' lang='lat' dir='ltr'><strong>terram</strong></span> <span class='ocrx_word' id='word_1_251' title='bbox 656 3174 957 3246; x_wconf 80' lang='lat' dir='ltr'><strong>attigisset,</strong></span> <span class='ocrx_word' id='word_1_252' title='bbox 987 3175 1360 3234; x_wconf 83' lang='lat' dir='ltr'><strong>refervescere</strong></span> <span class='ocrx_word' id='word_1_253' title='bbox 1393 3177 1680 3238; x_wconf 79' lang='lat' dir='ltr'><strong>videretur</strong></span> <span class='ocrx_word' id='word_1_254' title='bbox 1712 3177 1811 3248; x_wconf 87' lang='lat' dir='ltr'><strong>sic,</strong></span> <span class='ocrx_word' id='word_1_255' title='bbox 1844 3184 1911 3235; x_wconf 81' lang='lat' dir='ltr'><strong>ut</strong></span> 
     </span>
    </p>
   </div>
  </div>
 </body>
</html>
