2205 3431
470 110 608 158 ΜΒ.
640 110 760 170 111.‚
791 109 944 157 eAr.
976 105 1560 169 XXV1.-XXV111.‚§
1591 109 1770 157 67-71.
1868 109 1959 156 131

275 217 446 268 nocet
489 210 833 287 saepissime,
865 209 1068 266 melius
1115 216 1202 265 est
1246 227 1364 264 non
1408 207 1680 265 adhibere
1723 207 1962 265 omnino

278 310 578 368 quamqspe
607 290 815 347 dubiae
844 289 1041 346 salutis
1064 289 1124 346 in
1152 294 1408 365 apertam
1438 288 1750 364 perniciem
1779 287 1963 344 incur-

277 390 414 441 rere,
439 371 519 427 sic
553 370 708 428 haud
750 369 868 426 scio
910 389 982 426 an
1024 368 1230 425 melius
1262 368 1439 425 fuerit
1471 367 1725 424 humano
1767 367 1962 444 generi

277 457 502 507 motum
545 450 719 506 istum
767 449 1004 506 celerem
1051 448 1438 524 cogitationiS,
1479 466 1737 518 acumen,
1775 447 1963 504 sollcr-

277 531 436 600 tiam,
475 549 646 606 quam
701 529 981 586 rationem
1031 547 1317 598 vocamuS,
1364 527 1636 604 quoniam
1692 526 1965 603 pestifera

279 618 366 667 cst
396 610 610 678 multiS,
635 608 947 666 admodum
991 608 1189 684 paucis
1231 607 1508 678 salutariS‚
1532 626 1649 663 non
1689 607 1812 663 dari
1847 627 1964 662 om-

279 690 418 746 nino
462 708 634 766 quam
676 695 798 745 tam
846 687 1116 744 munifice
1161 694 1220 744 et
1267 694 1388 744 tam
1437 687 1592 762 large
1642 686 1779 743 dari.
1869 687 1960 743 70.

280 768 468 837 Quam
518 768 592 825 ob
643 787 760 825 rem
808 768 855 824 si
899 787 1061 833 mens
1098 766 1475 842 voluntasque
1520 766 1716 823 divina
1751 765 1964 822 idcirco

280 848 568 905 consuluit
608 847 956 917 hominibuS‚
983 846 1140 924 quod
1178 847 1249 903 iis
1290 854 1379 903 est
1418 846 1624 923 largita
1663 846 1962 915 rationem,

198 973 203 978 .
280 929 353 985 iis
391 928 524 985 solis
567 927 870 998 consuluit,
896 947 1040 1004 quos
1079 926 1234 983 bona
1273 930 1495 983 ratione
1535 926 1789 998 donavit,
1822 944 1966 1001 quos

281 1008 559 1078 videmuS,
596 1008 644 1065 si
683 1008 860 1064 modo
909 1007 1011 1064 ulli
1060 1014 1211 1077 sunt,
1248 1026 1368 1063 esse
1409 1025 1738 1083 perpaucos,
1830 1004 1964 1061 Non

281 1088 470 1166 placet
511 1095 704 1145 autem
750 1088 947 1165 paucis
996 1106 1032 1143 a
1074 1087 1165 1144 dis
1203 1085 1623 1144 immortalibus
1666 1105 1787 1143 esse
1835 1104 1967 1142 con-

281 1167 531 1225 sultum:
576 1167 831 1244 sequitur
856 1186 993 1243 ergo
1022 1175 1088 1224 ut
1117 1166 1335 1223 nemini
1364 1166 1688 1223 consultum
1720 1166 1809 1222 sit.

363 1247 652 1305 XXVIII.
691 1247 845 1304 Huic
879 1247 1006 1304 loco
1048 1247 1130 1303 sic
1172 1246 1368 1303 soletis
1402 1264 1708 1314 occurrere,
1734 1264 1850 1302 non
1885 1244 1967 1301 id-

282 1328 434 1384 circo
480 1347 595 1384 non
641 1328 860 1404 optime
902 1326 1070 1384 nobis
1112 1346 1146 1383 a
1187 1326 1276 1382 dis
1318 1344 1437 1383 esse
1472 1326 1782 1402 provisum,
1810 1324 1968 1401 quod

285 1407 450 1464 multi
481 1426 677 1464 eorum
710 1406 982 1464 beneficio
1009 1425 1270 1483 perverse
1299 1412 1625 1463 uterentur:
1670 1405 1843 1462 etiam
1873 1424 1968 1481 pa-

283 1487 571 1544 trimoniis
604 1487 818 1544 multos
849 1487 998 1544 male
1039 1487 1143 1556 uti,
1167 1505 1271 1542 nec
1315 1485 1389 1542 ob
1432 1505 1558 1542 eam
1600 1504 1827 1542 causam
1870 1503 1968 1542 eos

284 1566 626 1624 beneficium
660 1587 694 1623 a
721 1566 979 1644 patribus
1012 1565 1235 1623 nullum
1268 1564 1491 1622 habere.
1577 1564 1968 1641 Quisquamne

285 1647 434 1704 istuc
466 1647 678 1724 negat?
718 1654 820 1703 aut
848 1665 991 1724 quae
1026 1653 1113 1703 cst
1140 1646 1201 1704 in
1233 1645 1538 1703 collatione
1566 1646 1676 1701 ista
1709 1643 1969 1701 similitu-

286 1728 402 1785 do'ss²
484 1727 605 1786 Nec
633 1727 788 1785 enini
816 1727 1053 1785 Herculi
1081 1726 1586 1784 nocereDeianira
1613 1725 1812 1796 voluit,
1837 1744 1968 1782 cum

284 1809 341 1865 ei
363 1808 617 1865 tunicam
637 1808 913 1884 sanguine
934 1806 1208 1864 Centauri
1226 1807 1466 1864 tinctam
1487 1806 1666 1876 dedit,
1680 1824 1784 1862 nec
1803 1804 1969 1882 prod-

287 1908 409 1945 esse
438 1887 694 1945 Pheraeo
725 1886 915 1945 Iasoni
943 1887 1007 1956 is,
1029 1887 1130 1964 qui
1158 1887 1352 1963 gladio
1381 1886 1662 1944 vomicam
1693 1886 1815 1943 eius
1843 1904 1972 1961 ape-

287 1967 420 2038 ruit,
441 1988 612 2044 quam
636 1987 831 2024 sanare
859 1966 1069 2024 medici
1089 1986 1206 2024 non
1231 1973 1552 2044 potuerant.
1623 1965 1792 2023 Multi
1815 1965 1970 2022 enim

286 2055 365 2118 et,
389 2067 519 2104 cum
563 2047 761 2104 obesse
793 2046 1018 2117 vellent,
1042 2046 1387 2124 profuerunt
1420 2056 1492 2115 et,
1517 2065 1648 2103 cum
1683 2045 1968 2122 prodesse,

288 2128 615 2185 obfuerunt.
702 2126 793 2183 Ita
824 2146 942 2183 non
975 2126 1042 2184 fit
1074 2146 1145 2184 ex
1179 2146 1266 2198 ee,
1292 2126 1447 2202 quod
1475 2127 1658 2195 datur,
1684 2133 1750 2182 ut
1776 2125 1973 2182 volun-

288 2215 379 2265 tas
412 2208 549 2277 eiuS,
576 2207 674 2284 qui
707 2206 945 2278 dederit,
970 2213 1256 2284 appareat,
1282 2225 1403 2276 nec,
1429 2209 1476 2261 si
1510 2205 1575 2276 is,
1601 2206 1700 2281 qui
1733 2206 1969 2281 accepit,

288 2287 436 2344 bene
477 2288 673 2358 utitur,
697 2287 912 2344 idcirco
953 2287 1018 2357 is,
1044 2287 1146 2364 qui
1187 2286 1364 2356 dedit,
1389 2286 1570 2342 amice
1612 2285 1788 2342 dedit.
1877 2285 1969 2341 71.

288 2366 452 2436 Quae
494 2369 648 2422 enim
693 2366 890 2437 libido,
927 2386 1073 2443 quae
1118 2366 1369 2435 avaritia,
1407 2364 1563 2442 quod
1607 2365 1830 2422 facinus
1875 2373 1973 2420 aut

289 2446 599 2524 suscipitur
627 2446 737 2503 nisi
765 2446 1005 2503 consilio
1034 2454 1205 2523 capto
1234 2454 1334 2503 aut
1362 2446 1483 2502 sine
1512 2444 1688 2502 animi
1717 2452 1881 2501 motu
1917 2450 1974 2500 et

290 2527 660 2602 cogitatione,
684 2526 744 2583 id
787 2535 888 2596 est,
920 2527 1142 2584 ratione
1184 2524 1511 2602 perficitur?
1593 2524 1744 2581 Nam
1787 2524 1974 2580 omnis

291 2606 493 2683 opinio
528 2607 675 2663 ratio
708 2613 812 2676 est,
837 2614 896 2663 et
928 2606 1165 2683 quidem
1201 2606 1352 2663 bona
1383 2605 1547 2674 ratic,
1572 2604 1621 2660 si
1654 2624 1801 2673 vera,
1826 2603 1977 2660 mala

291 2694 503 2756 autem,
529 2687 575 2743 si
604 2687 749 2743 falsa
781 2694 868 2743 est
896 2687 1113 2763 opinio,
1198 2685 1313 2742 Sed
1343 2705 1377 2741 a
1409 2685 1517 2742 deo
1547 2691 1771 2742 tantum
1808 2684 1975 2740 ratio-

293 2786 425 2823 nem
456 2765 748 2837 habemuS,
769 2766 815 2822 si
838 2766 1013 2823 modo
1035 2765 1328 2835 habemus,
1348 2765 1558 2821 bonam
1588 2772 1777 2821 autem
1808 2764 1975 2820 ratio-

293 2865 427 2903 nem
462 2854 560 2903 ant
587 2866 705 2903 non
740 2846 949 2903 bonam
992 2866 1025 2902 a
1066 2845 1249 2902 nobis,
1335 2844 1468 2901 Non
1511 2844 1683 2913 enim,
1708 2851 1774 2900 ut
1807 2843 1977 2921 patri-

294 2926 553 2982 monium
606 2926 960 3002 relinquitur,
998 2927 1077 2983 sic
1120 2925 1265 2982 ratio
1309 2932 1395 2981 est
1436 2924 1659 2980 homini
1702 2923 1976 2981 beneficio

294 3006 534 3063 deorum
577 3006 727 3064 data,
812 3006 966 3075 Quid
999 3006 1154 3063 enim
1189 3005 1384 3081 potius
1421 3003 1754 3081 hominibus
1796 3003 1979 3060 dedis-

293 3093 440 3155 sent,
465 3086 512 3143 si
541 3085 612 3142 iis
645 3105 849 3143 nocere
879 3086 1226 3142 voluissent?
1308 3084 1630 3140 Iniustitiae
1663 3091 1871 3152 autem,
1897 3083 1980 3138 in-

294 3165 724 3242 temperantiae,
749 3165 1079 3223 timiditatis
1123 3183 1266 3239 quae
1307 3163 1525 3221 semina
1565 3170 1769 3230 essent,
1801 3161 1848 3217 si
1889 3160 1978 3217 his
