<?xml version="1.0" encoding="UTF-8"?>
<!DOCTYPE html PUBLIC "-//W3C//DTD XHTML 1.0 Transitional//EN"
    "http://www.w3.org/TR/xhtml1/DTD/xhtml1-transitional.dtd">
<html xmlns="http://www.w3.org/1999/xhtml" xml:lang="en" lang="en">
 <head>
  <title>
</title>
<meta http-equiv="Content-Type" content="text/html;charset=utf-8" />
  <meta name='ocr-system' content='tesseract 3.04.00' />
  <meta name='ocr-capabilities' content='ocr_page ocr_carea ocr_par ocr_line ocrx_word'/>
</head>
<body>
  <div class='ocr_page' id='page_1' title='image "./defato00cicegoog_0193.png"; bbox 0 0 2205 3431; ppageno 0'>
   <div class='ocr_carea' id='block_1_1' title="bbox 480 110 1958 193">
    <p class='ocr_par' dir='ltr' id='par_1_1' title="bbox 480 110 1958 193">
     <span class='ocr_line' id='line_1_1' title="bbox 480 110 1958 193; baseline 0 -13"><span class='ocrx_word' id='word_1_1' title='bbox 480 132 713 193; x_wconf 83' lang='lat' dir='ltr'>L113.1.,</span> <span class='ocrx_word' id='word_1_2' title='bbox 744 110 1467 193; x_wconf 63' lang='lat' dir='ltr'>CAP.XLIV.-X1.v11.‚§</span> <span class='ocrx_word' id='word_1_3' title='bbox 1500 134 1742 182; x_wconf 86' lang='lat' dir='ltr'>loo-105.</span> <span class='ocrx_word' id='word_1_4' title='bbox 1861 134 1958 181; x_wconf 85' lang='lat'>183</span> 
     </span>
    </p>
   </div>
   <div class='ocr_carea' id='block_1_2' title="bbox 271 232 1969 3261">
    <p class='ocr_par' dir='ltr' id='par_1_2' title="bbox 271 232 1969 3261">
     <span class='ocr_line' id='line_1_2' title="bbox 272 232 1961 311; baseline -0.001 -21"><span class='ocrx_word' id='word_1_5' title='bbox 272 232 589 291; x_wconf 85' lang='lat' dir='ltr'>voluerunt.</span> <span class='ocrx_word' id='word_1_6' title='bbox 658 232 873 291; x_wconf 89' lang='lat' dir='ltr'>XLVI.</span> <span class='ocrx_word' id='word_1_7' title='bbox 899 233 1095 310; x_wconf 80' lang='lat' dir='ltr'><strong>Atque</strong></span> <span class='ocrx_word' id='word_1_8' title='bbox 1125 253 1232 309; x_wconf 88' lang='lat' dir='ltr'>ego</span> <span class='ocrx_word' id='word_1_9' title='bbox 1255 233 1517 311; x_wconf 88' lang='lat' dir='ltr'>exempla</span> <span class='ocrx_word' id='word_1_10' title='bbox 1538 233 1795 290; x_wconf 87' lang='lat' dir='ltr'>ominum</span> <span class='ocrx_word' id='word_1_11' title='bbox 1821 240 1961 290; x_wconf 86' lang='lat' dir='ltr'>nota</span> 
     </span>
     <span class='ocr_line' id='line_1_3' title="bbox 272 313 1959 390; baseline -0.001 -20"><span class='ocrx_word' id='word_1_12' title='bbox 272 314 577 390; x_wconf 85' lang='lat' dir='ltr'>proferam.</span> <span class='ocrx_word' id='word_1_13' title='bbox 666 313 726 370; x_wconf 90' lang='lat' dir='ltr'>L.</span> <span class='ocrx_word' id='word_1_14' title='bbox 754 313 988 370; x_wconf 84' lang='lat' dir='ltr'><strong>Paullus</strong></span> <span class='ocrx_word' id='word_1_15' title='bbox 1016 313 1214 370; x_wconf 90' lang='lat' dir='ltr'>consul</span> <span class='ocrx_word' id='word_1_16' title='bbox 1243 313 1469 384; x_wconf 86' lang='lat' dir='ltr'>iterum,</span> <span class='ocrx_word' id='word_1_17' title='bbox 1496 332 1628 370; x_wconf 89' lang='lat' dir='ltr'>cum</span> <span class='ocrx_word' id='word_1_18' title='bbox 1663 313 1715 369; x_wconf 92' lang='lat' dir='ltr'>ei</span> <span class='ocrx_word' id='word_1_19' title='bbox 1744 313 1959 370; x_wconf 88' lang='lat' dir='ltr'>bellum</span> 
     </span>
     <span class='ocr_line' id='line_1_4' title="bbox 272 393 1959 469; baseline 0.001 -20"><span class='ocrx_word' id='word_1_20' title='bbox 272 400 339 449; x_wconf 91' lang='lat' dir='ltr'>ut</span> <span class='ocrx_word' id='word_1_21' title='bbox 372 412 502 449; x_wconf 88' lang='lat' dir='ltr'>cum</span> <span class='ocrx_word' id='word_1_22' title='bbox 536 412 669 469; x_wconf 86' lang='lat' dir='ltr'>rege</span> <span class='ocrx_word' id='word_1_23' title='bbox 703 393 874 450; x_wconf 88' lang='lat' dir='ltr'>Perse</span> <span class='ocrx_word' id='word_1_24' title='bbox 908 400 1131 469; x_wconf 84' lang='lat' dir='ltr'>gereret</span> <span class='ocrx_word' id='word_1_25' title='bbox 1165 393 1483 468; x_wconf 75' lang='lat' dir='ltr'>obtigisset,</span> <span class='ocrx_word' id='word_1_26' title='bbox 1509 400 1575 449; x_wconf 88' lang='lat' dir='ltr'>ut</span> <span class='ocrx_word' id='word_1_27' title='bbox 1609 412 1675 449; x_wconf 91' lang='lat' dir='ltr'>ea</span> <span class='ocrx_word' id='word_1_28' title='bbox 1710 393 1834 469; x_wconf 87' lang='lat' dir='ltr'>ipsa</span> <span class='ocrx_word' id='word_1_29' title='bbox 1865 394 1959 450; x_wconf 91' lang='lat' dir='ltr'>die</span> 
     </span>
     <span class='ocr_line' id='line_1_5' title="bbox 273 472 1956 549; baseline 0.001 -21"><span class='ocrx_word' id='word_1_30' title='bbox 273 473 513 529; x_wconf 90' lang='lat' dir='ltr'>domum</span> <span class='ocrx_word' id='word_1_31' title='bbox 555 473 628 529; x_wconf 93' lang='lat' dir='ltr'>ad</span> <span class='ocrx_word' id='word_1_32' title='bbox 661 492 961 549; x_wconf 86' lang='lat' dir='ltr'>vesperum</span> <span class='ocrx_word' id='word_1_33' title='bbox 994 473 1182 543; x_wconf 86' lang='lat' dir='ltr'>rediit,</span> <span class='ocrx_word' id='word_1_34' title='bbox 1209 472 1443 529; x_wconf 89' lang='lat' dir='ltr'>filiolam</span> <span class='ocrx_word' id='word_1_35' title='bbox 1488 492 1648 529; x_wconf 90' lang='lat' dir='ltr'>suam</span> <span class='ocrx_word' id='word_1_36' title='bbox 1685 472 1956 544; x_wconf 79' lang='lat' dir='ltr'>Tertiam,</span> 
     </span>
     <span class='ocr_line' id='line_1_6' title="bbox 274 552 1959 629; baseline 0.001 -21"><span class='ocrx_word' id='word_1_37' title='bbox 274 571 418 629; x_wconf 92' lang='lat' dir='ltr'>quae</span> <span class='ocrx_word' id='word_1_38' title='bbox 446 559 570 609; x_wconf 90' lang='lat' dir='ltr'>tum</span> <span class='ocrx_word' id='word_1_39' title='bbox 601 559 721 609; x_wconf 88' lang='lat' dir='ltr'>erat</span> <span class='ocrx_word' id='word_1_40' title='bbox 742 552 1053 608; x_wconf 86' lang='lat' dir='ltr'><strong>admodum</strong></span> <span class='ocrx_word' id='word_1_41' title='bbox 1077 571 1268 628; x_wconf 90' lang='lat' dir='ltr'>parva,</span> <span class='ocrx_word' id='word_1_42' title='bbox 1290 552 1549 609; x_wconf 90' lang='lat' dir='ltr'>osculans</span> <span class='ocrx_word' id='word_1_43' title='bbox 1580 552 1833 608; x_wconf 86' lang='lat' dir='ltr'>animum</span> <span class='ocrx_word' id='word_1_44' title='bbox 1866 553 1959 611; x_wconf 89' lang='lat' dir='ltr'>ad-</span> 
     </span>
     <span class='ocr_line' id='line_1_7' title="bbox 271 631 1959 708; baseline 0.001 -20"><span class='ocrx_word' id='word_1_45' title='bbox 271 632 444 689; x_wconf 88' lang='lat' dir='ltr'>vertit</span> <span class='ocrx_word' id='word_1_46' title='bbox 465 632 821 689; x_wconf 88' lang='lat' dir='ltr'>tristiculam.</span> <span class='ocrx_word' id='word_1_47' title='bbox 893 632 926 658; x_wconf 89' lang='lat'><strong>“</strong></span> <span class='ocrx_word' id='word_1_48' title='bbox 947 631 1101 699; x_wconf 83' lang='lat' dir='ltr'><strong>Quid</strong></span> <span class='ocrx_word' id='word_1_49' title='bbox 1125 640 1211 689; x_wconf 89' lang='lat' dir='ltr'>est</span> <span class='ocrx_word' id='word_1_50' title='bbox 1229 631 1261 658; x_wconf 92' lang='lat'>&#39;’</span> <span class='ocrx_word' id='word_1_51' title='bbox 1293 632 1498 708; x_wconf 90' lang='lat' dir='ltr'>inquit,</span> <span class='ocrx_word' id='word_1_52' title='bbox 1523 631 1558 659; x_wconf 80' lang='lat'>‘⁴</span> <span class='ocrx_word' id='word_1_53' title='bbox 1577 651 1705 689; x_wconf 90' lang='lat' dir='ltr'>mea</span> <span class='ocrx_word' id='word_1_54' title='bbox 1731 632 1959 689; x_wconf 62' lang='lat' dir='ltr'>Tertia?</span> 
     </span>
     <span class='ocr_line' id='line_1_8' title="bbox 274 711 1957 788; baseline 0.001 -20"><span class='ocrx_word' id='word_1_55' title='bbox 274 711 415 788; x_wconf 92' lang='lat' dir='ltr'>quid</span> <span class='ocrx_word' id='word_1_56' title='bbox 437 711 616 768; x_wconf 87' lang='lat' dir='ltr'>tristis</span> <span class='ocrx_word' id='word_1_57' title='bbox 638 731 697 769; x_wconf 91' lang='lat' dir='ltr'>es</span> <span class='ocrx_word' id='word_1_58' title='bbox 711 713 729 769; x_wconf 69' lang='lat'><em>2</em></span> <span class='ocrx_word' id='word_1_59' title='bbox 744 711 896 753; x_wconf 86' lang='lat'>&#39;&#39;—“</span> <span class='ocrx_word' id='word_1_60' title='bbox 911 711 993 767; x_wconf 92' lang='lat' dir='ltr'>Mi</span> <span class='ocrx_word' id='word_1_61' title='bbox 1015 718 1179 787; x_wconf 89' lang='lat' dir='ltr'>pater</span> <span class='ocrx_word' id='word_1_62' title='bbox 1196 711 1229 738; x_wconf 93' lang='lat'>&#39;’</span> <span class='ocrx_word' id='word_1_63' title='bbox 1254 712 1457 788; x_wconf 91' lang='lat' dir='ltr'>inquit,</span> <span class='ocrx_word' id='word_1_64' title='bbox 1482 712 1712 770; x_wconf 86' lang='lat' dir='ltr'>“Persa</span> <span class='ocrx_word' id='word_1_65' title='bbox 1732 711 1957 788; x_wconf 90' lang='lat' dir='ltr'>periit.&#39;&#39;</span> 
     </span>
     <span class='ocr_line' id='line_1_9' title="bbox 272 790 1960 869; baseline 0.001 -22"><span class='ocrx_word' id='word_1_66' title='bbox 272 790 520 847; x_wconf 90' lang='lat' dir='ltr'>—Tum</span> <span class='ocrx_word' id='word_1_67' title='bbox 570 791 664 848; x_wconf 91' lang='lat' dir='ltr'>ille</span> <span class='ocrx_word' id='word_1_68' title='bbox 713 791 890 848; x_wconf 88' lang='lat' dir='ltr'>artius</span> <span class='ocrx_word' id='word_1_69' title='bbox 939 790 1188 868; x_wconf 87' lang='lat' dir='ltr'>puellam</span> <span class='ocrx_word' id='word_1_70' title='bbox 1239 792 1604 868; x_wconf 86' lang='lat' dir='ltr'>complexus:</span> <span class='ocrx_word' id='word_1_71' title='bbox 1664 792 1698 819; x_wconf 74' lang='lat'>‘⁴</span> <span class='ocrx_word' id='word_1_72' title='bbox 1717 792 1960 869; x_wconf 84' lang='lat' dir='ltr'><strong>Accipio</strong></span> 
     </span>
     <span class='ocr_line' id='line_1_10' title="bbox 275 870 1962 947; baseline 0.001 -20"><span class='ocrx_word' id='word_1_73' title='bbox 275 890 445 927; x_wconf 89' lang='lat' dir='ltr'>omen</span> <span class='ocrx_word' id='word_1_74' title='bbox 465 870 498 898; x_wconf 87' lang='lat'>&#39;’</span> <span class='ocrx_word' id='word_1_75' title='bbox 530 870 720 947; x_wconf 89' lang='lat' dir='ltr'>inquit</span> <span class='ocrx_word' id='word_1_76' title='bbox 751 872 933 927; x_wconf 87' lang='lat' dir='ltr'>“mea</span> <span class='ocrx_word' id='word_1_77' title='bbox 960 870 1130 927; x_wconf 86' lang='lat' dir='ltr'>filia.’‘</span> <span class='ocrx_word' id='word_1_78' title='bbox 1197 871 1335 928; x_wconf 87' lang='lat' dir='ltr'>Erat</span> <span class='ocrx_word' id='word_1_79' title='bbox 1364 879 1555 929; x_wconf 85' lang='lat' dir='ltr'>autem</span> <span class='ocrx_word' id='word_1_80' title='bbox 1585 879 1848 929; x_wconf 90' lang='lat' dir='ltr'>mortuus</span> <span class='ocrx_word' id='word_1_81' title='bbox 1875 892 1962 929; x_wconf 88' lang='lat' dir='ltr'>ca-</span> 
     </span>
     <span class='ocr_line' id='line_1_11' title="bbox 273 949 1963 1022; baseline 0.001 -15"><span class='ocrx_word' id='word_1_82' title='bbox 273 950 442 1007; x_wconf 88' lang='lat' dir='ltr'>tellus</span> <span class='ocrx_word' id='word_1_83' title='bbox 463 969 531 1007; x_wconf 93' lang='lat' dir='ltr'>eo</span> <span class='ocrx_word' id='word_1_84' title='bbox 553 951 802 1008; x_wconf 90' lang='lat' dir='ltr'>nomine.</span> <span class='ocrx_word' id='word_1_85' title='bbox 876 954 1005 1007; x_wconf 87' lang='lat'>104.</span> <span class='ocrx_word' id='word_1_86' title='bbox 1033 949 1094 1007; x_wconf 91' lang='lat' dir='ltr'>L.</span> <span class='ocrx_word' id='word_1_87' title='bbox 1118 951 1400 1022; x_wconf 86' lang='lat' dir='ltr'>Flaccum,</span> <span class='ocrx_word' id='word_1_88' title='bbox 1421 951 1712 1009; x_wconf 89' lang='lat' dir='ltr'>flaminem</span> <span class='ocrx_word' id='word_1_89' title='bbox 1735 952 1963 1009; x_wconf 84' lang='lat' dir='ltr'>Martia·</span> 
     </span>
     <span class='ocr_line' id='line_1_12' title="bbox 273 1029 1960 1107; baseline 0.002 -22"><span class='ocrx_word' id='word_1_90' title='bbox 273 1029 403 1100; x_wconf 90' lang='lat' dir='ltr'>lem,</span> <span class='ocrx_word' id='word_1_91' title='bbox 429 1049 536 1107; x_wconf 88' lang='lat' dir='ltr'>ego</span> <span class='ocrx_word' id='word_1_92' title='bbox 579 1030 789 1100; x_wconf 90' lang='lat' dir='ltr'>audivi,</span> <span class='ocrx_word' id='word_1_93' title='bbox 815 1050 946 1086; x_wconf 92' lang='lat' dir='ltr'>cum</span> <span class='ocrx_word' id='word_1_94' title='bbox 982 1030 1198 1087; x_wconf 88' lang='lat' dir='ltr'>diceret</span> <span class='ocrx_word' id='word_1_95' title='bbox 1233 1031 1536 1088; x_wconf 83' lang='lat' dir='ltr'>Caeciliam</span> <span class='ocrx_word' id='word_1_96' title='bbox 1574 1031 1807 1103; x_wconf 85' lang='lat' dir='ltr'>Metelli,</span> <span class='ocrx_word' id='word_1_97' title='bbox 1830 1052 1960 1089; x_wconf 92' lang='lat' dir='ltr'>cum</span> 
     </span>
     <span class='ocr_line' id='line_1_13' title="bbox 273 1109 1960 1182; baseline 0.002 -17"><span class='ocrx_word' id='word_1_98' title='bbox 273 1109 444 1167; x_wconf 88' lang='lat' dir='ltr'>vellet</span> <span class='ocrx_word' id='word_1_99' title='bbox 479 1110 686 1167; x_wconf 83' lang='lat' dir='ltr'>sororis</span> <span class='ocrx_word' id='word_1_100' title='bbox 721 1130 852 1167; x_wconf 90' lang='lat' dir='ltr'>suae</span> <span class='ocrx_word' id='word_1_101' title='bbox 887 1109 1060 1166; x_wconf 91' lang='lat' dir='ltr'>filiam</span> <span class='ocrx_word' id='word_1_102' title='bbox 1097 1111 1159 1166; x_wconf 90' lang='lat' dir='ltr'>in</span> <span class='ocrx_word' id='word_1_103' title='bbox 1194 1112 1628 1169; x_wconf 86' lang='lat' dir='ltr'>matrimonium</span> <span class='ocrx_word' id='word_1_104' title='bbox 1667 1112 1960 1182; x_wconf 90' lang='lat' dir='ltr'>collocare,</span> 
     </span>
     <span class='ocr_line' id='line_1_14' title="bbox 275 1189 1959 1268; baseline 0.002 -23"><span class='ocrx_word' id='word_1_105' title='bbox 275 1189 454 1246; x_wconf 85' lang='lat' dir='ltr'>exisse</span> <span class='ocrx_word' id='word_1_106' title='bbox 488 1190 549 1246; x_wconf 90' lang='lat' dir='ltr'>in</span> <span class='ocrx_word' id='word_1_107' title='bbox 585 1190 876 1265; x_wconf 88' lang='lat' dir='ltr'>quoddam</span> <span class='ocrx_word' id='word_1_108' title='bbox 921 1190 1190 1247; x_wconf 87' lang='lat' dir='ltr'>sacellum</span> <span class='ocrx_word' id='word_1_109' title='bbox 1235 1191 1445 1247; x_wconf 90' lang='lat' dir='ltr'>ominis</span> <span class='ocrx_word' id='word_1_110' title='bbox 1479 1192 1742 1268; x_wconf 90' lang='lat' dir='ltr'>capiendi</span> <span class='ocrx_word' id='word_1_111' title='bbox 1776 1211 1959 1262; x_wconf 90' lang='lat' dir='ltr'>causa,</span> 
     </span>
     <span class='ocr_line' id='line_1_15' title="bbox 276 1268 1963 1347; baseline 0.002 -22"><span class='ocrx_word' id='word_1_112' title='bbox 276 1268 432 1345; x_wconf 90' lang='lat' dir='ltr'>quod</span> <span class='ocrx_word' id='word_1_113' title='bbox 460 1268 580 1325; x_wconf 92' lang='lat' dir='ltr'>fieri</span> <span class='ocrx_word' id='word_1_114' title='bbox 610 1288 768 1326; x_wconf 90' lang='lat' dir='ltr'>more</span> <span class='ocrx_word' id='word_1_115' title='bbox 798 1276 1055 1327; x_wconf 87' lang='lat' dir='ltr'>veterum</span> <span class='ocrx_word' id='word_1_116' title='bbox 1093 1269 1325 1328; x_wconf 89' lang='lat' dir='ltr'>solebat.</span> <span class='ocrx_word' id='word_1_117' title='bbox 1412 1270 1560 1328; x_wconf 85' lang='lat' dir='ltr'>Cum</span> <span class='ocrx_word' id='word_1_118' title='bbox 1592 1272 1753 1347; x_wconf 88' lang='lat' dir='ltr'>virgo</span> <span class='ocrx_word' id='word_1_119' title='bbox 1787 1278 1963 1328; x_wconf 89' lang='lat' dir='ltr'>staret</span> 
     </span>
     <span class='ocr_line' id='line_1_16' title="bbox 275 1348 1964 1426; baseline 0.001 -21"><span class='ocrx_word' id='word_1_120' title='bbox 275 1356 334 1405; x_wconf 88' lang='lat' dir='ltr'>et</span> <span class='ocrx_word' id='word_1_121' title='bbox 361 1348 608 1405; x_wconf 85' lang='lat' dir='ltr'>Caecilia</span> <span class='ocrx_word' id='word_1_122' title='bbox 636 1349 696 1405; x_wconf 90' lang='lat' dir='ltr'>in</span> <span class='ocrx_word' id='word_1_123' title='bbox 734 1349 870 1406; x_wconf 89' lang='lat' dir='ltr'>sella</span> <span class='ocrx_word' id='word_1_124' title='bbox 905 1350 1127 1407; x_wconf 86' lang='lat' dir='ltr'>sederet</span> <span class='ocrx_word' id='word_1_125' title='bbox 1156 1370 1341 1426; x_wconf 90' lang='lat' dir='ltr'>neque</span> <span class='ocrx_word' id='word_1_126' title='bbox 1376 1351 1477 1407; x_wconf 91' lang='lat' dir='ltr'>diu</span> <span class='ocrx_word' id='word_1_127' title='bbox 1510 1351 1626 1407; x_wconf 88' lang='lat' dir='ltr'>ulla</span> <span class='ocrx_word' id='word_1_128' title='bbox 1651 1370 1764 1408; x_wconf 86' lang='lat' dir='ltr'>vox</span> <span class='ocrx_word' id='word_1_129' title='bbox 1797 1352 1964 1407; x_wconf 83' lang='lat' dir='ltr'>exsti-</span> 
     </span>
     <span class='ocr_line' id='line_1_17' title="bbox 273 1428 1962 1507; baseline 0.002 -23"><span class='ocrx_word' id='word_1_130' title='bbox 273 1429 454 1499; x_wconf 90' lang='lat' dir='ltr'>tisset,</span> <span class='ocrx_word' id='word_1_131' title='bbox 476 1428 724 1504; x_wconf 89' lang='lat' dir='ltr'>puellam</span> <span class='ocrx_word' id='word_1_132' title='bbox 750 1429 1127 1506; x_wconf 85' lang='lat' dir='ltr'>defetigatam</span> <span class='ocrx_word' id='word_1_133' title='bbox 1152 1431 1362 1507; x_wconf 87' lang='lat' dir='ltr'>petisse</span> <span class='ocrx_word' id='word_1_134' title='bbox 1386 1450 1419 1486; x_wconf 93' lang='lat' dir='ltr'>a</span> <span class='ocrx_word' id='word_1_135' title='bbox 1439 1436 1757 1500; x_wconf 85' lang='lat' dir='ltr'>matertera,</span> <span class='ocrx_word' id='word_1_136' title='bbox 1770 1437 1837 1487; x_wconf 91' lang='lat' dir='ltr'>ut</span> <span class='ocrx_word' id='word_1_137' title='bbox 1855 1430 1962 1487; x_wconf 89' lang='lat' dir='ltr'>sibi</span> 
     </span>
     <span class='ocr_line' id='line_1_18' title="bbox 275 1509 1965 1586; baseline 0.001 -21"><span class='ocrx_word' id='word_1_138' title='bbox 275 1509 612 1566; x_wconf 86' lang='lat' dir='ltr'>concederet</span> <span class='ocrx_word' id='word_1_139' title='bbox 642 1509 933 1586; x_wconf 88' lang='lat' dir='ltr'>paulisper</span> <span class='ocrx_word' id='word_1_140' title='bbox 968 1517 1034 1566; x_wconf 88' lang='lat' dir='ltr'>ut</span> <span class='ocrx_word' id='word_1_141' title='bbox 1068 1511 1128 1566; x_wconf 92' lang='lat' dir='ltr'>in</span> <span class='ocrx_word' id='word_1_142' title='bbox 1165 1510 1286 1566; x_wconf 89' lang='lat' dir='ltr'>eius</span> <span class='ocrx_word' id='word_1_143' title='bbox 1321 1510 1456 1567; x_wconf 91' lang='lat' dir='ltr'>sella</span> <span class='ocrx_word' id='word_1_144' title='bbox 1487 1510 1878 1586; x_wconf 90' lang='lat' dir='ltr'>requiesceret,</span> <span class='ocrx_word' id='word_1_145' title='bbox 1903 1509 1965 1566; x_wconf 91' lang='lat' dir='ltr'>il-</span> 
     </span>
     <span class='ocr_line' id='line_1_19' title="bbox 273 1587 1964 1666; baseline 0.001 -22"><span class='ocrx_word' id='word_1_146' title='bbox 273 1587 389 1644; x_wconf 90' lang='lat' dir='ltr'>lam</span> <span class='ocrx_word' id='word_1_147' title='bbox 420 1595 610 1645; x_wconf 87' lang='lat' dir='ltr'>autem</span> <span class='ocrx_word' id='word_1_148' title='bbox 649 1589 891 1646; x_wconf 89' lang='lat' dir='ltr'>dixisse:</span> <span class='ocrx_word' id='word_1_149' title='bbox 941 1589 976 1616; x_wconf 82' lang='lat'>‘⁴</span> <span class='ocrx_word' id='word_1_150' title='bbox 997 1589 1169 1660; x_wconf 89' lang='lat' dir='ltr'>Vero,</span> <span class='ocrx_word' id='word_1_151' title='bbox 1190 1609 1319 1646; x_wconf 90' lang='lat' dir='ltr'>mea</span> <span class='ocrx_word' id='word_1_152' title='bbox 1345 1589 1549 1666; x_wconf 82' lang='lat' dir='ltr'>puella,</span> <span class='ocrx_word' id='word_1_153' title='bbox 1574 1589 1684 1646; x_wconf 91' lang='lat' dir='ltr'>tibi</span> <span class='ocrx_word' id='word_1_154' title='bbox 1713 1590 1964 1646; x_wconf 88' lang='lat' dir='ltr'>concedo</span> 
     </span>
     <span class='ocr_line' id='line_1_20' title="bbox 273 1668 1967 1746; baseline 0.001 -21"><span class='ocrx_word' id='word_1_155' title='bbox 273 1687 431 1725; x_wconf 85' lang='lat' dir='ltr'>meas</span> <span class='ocrx_word' id='word_1_156' title='bbox 475 1668 690 1726; x_wconf 80' lang='lat' dir='ltr'>sedeS.&#39;’</span> <span class='ocrx_word' id='word_1_157' title='bbox 778 1668 950 1738; x_wconf 80' lang='lat' dir='ltr'>Quod</span> <span class='ocrx_word' id='word_1_158' title='bbox 986 1688 1156 1727; x_wconf 91' lang='lat' dir='ltr'>omen</span> <span class='ocrx_word' id='word_1_159' title='bbox 1190 1688 1277 1726; x_wconf 83' lang='lat' dir='ltr'>res</span> <span class='ocrx_word' id='word_1_160' title='bbox 1312 1675 1615 1727; x_wconf 89' lang='lat' dir='ltr'>consecuta</span> <span class='ocrx_word' id='word_1_161' title='bbox 1648 1676 1762 1727; x_wconf 64' lang='lat' dir='ltr'>est.</span> <span class='ocrx_word' id='word_1_162' title='bbox 1834 1669 1967 1746; x_wconf 84' lang='lat' dir='ltr'>Ipsa</span> 
     </span>
     <span class='ocr_line' id='line_1_21' title="bbox 276 1747 1967 1826; baseline 0.001 -21"><span class='ocrx_word' id='word_1_163' title='bbox 276 1748 428 1805; x_wconf 89' lang='lat' dir='ltr'>enim</span> <span class='ocrx_word' id='word_1_164' title='bbox 460 1747 619 1806; x_wconf 90' lang='lat' dir='ltr'>brevi</span> <span class='ocrx_word' id='word_1_165' title='bbox 642 1757 874 1806; x_wconf 91' lang='lat' dir='ltr'>mortua</span> <span class='ocrx_word' id='word_1_166' title='bbox 905 1756 1006 1820; x_wconf 87' lang='lat' dir='ltr'>est,</span> <span class='ocrx_word' id='word_1_167' title='bbox 1021 1750 1183 1826; x_wconf 87' lang='lat' dir='ltr'>virgo</span> <span class='ocrx_word' id='word_1_168' title='bbox 1214 1757 1406 1807; x_wconf 90' lang='lat' dir='ltr'>autem</span> <span class='ocrx_word' id='word_1_169' title='bbox 1434 1750 1632 1826; x_wconf 90' lang='lat' dir='ltr'>nupsit</span> <span class='ocrx_word' id='word_1_170' title='bbox 1661 1750 1753 1807; x_wconf 86' lang='lat' dir='ltr'>cui</span> <span class='ocrx_word' id='word_1_171' title='bbox 1775 1750 1967 1806; x_wconf 88' lang='lat' dir='ltr'>Caeci-</span> 
     </span>
     <span class='ocr_line' id='line_1_22' title="bbox 274 1827 1967 1906; baseline 0.001 -23"><span class='ocrx_word' id='word_1_172' title='bbox 274 1827 352 1885; x_wconf 88' lang='lat' dir='ltr'>lia</span> <span class='ocrx_word' id='word_1_173' title='bbox 381 1835 563 1905; x_wconf 87' lang='lat' dir='ltr'>nupta</span> <span class='ocrx_word' id='word_1_174' title='bbox 592 1829 796 1886; x_wconf 83' lang='lat' dir='ltr'>fuerat.</span> <span class='ocrx_word' id='word_1_175' title='bbox 878 1829 1039 1886; x_wconf 88' lang='lat' dir='ltr'>Haec</span> <span class='ocrx_word' id='word_1_176' title='bbox 1067 1849 1235 1906; x_wconf 91' lang='lat' dir='ltr'>posse</span> <span class='ocrx_word' id='word_1_177' title='bbox 1265 1830 1556 1887; x_wconf 87' lang='lat' dir='ltr'>contemni</span> <span class='ocrx_word' id='word_1_178' title='bbox 1577 1829 1667 1887; x_wconf 86' lang='lat' dir='ltr'>vel</span> <span class='ocrx_word' id='word_1_179' title='bbox 1696 1829 1866 1886; x_wconf 89' lang='lat' dir='ltr'>etiam</span> <span class='ocrx_word' id='word_1_180' title='bbox 1897 1830 1967 1885; x_wconf 89' lang='lat' dir='ltr'>ri-</span> 
     </span>
     <span class='ocr_line' id='line_1_23' title="bbox 275 1908 1965 1986; baseline 0.001 -22"><span class='ocrx_word' id='word_1_181' title='bbox 275 1908 397 1964; x_wconf 86' lang='lat' dir='ltr'>deri</span> <span class='ocrx_word' id='word_1_182' title='bbox 433 1908 717 1984; x_wconf 89' lang='lat' dir='ltr'>praeclare</span> <span class='ocrx_word' id='word_1_183' title='bbox 764 1908 1054 1985; x_wconf 85' lang='lat' dir='ltr'>intellegO,</span> <span class='ocrx_word' id='word_1_184' title='bbox 1081 1910 1181 1966; x_wconf 89' lang='lat' dir='ltr'>sed</span> <span class='ocrx_word' id='word_1_185' title='bbox 1214 1909 1274 1966; x_wconf 92' lang='lat' dir='ltr'>id</span> <span class='ocrx_word' id='word_1_186' title='bbox 1308 1910 1496 1986; x_wconf 88' lang='lat' dir='ltr'>ipsum</span> <span class='ocrx_word' id='word_1_187' title='bbox 1542 1917 1628 1967; x_wconf 88' lang='lat' dir='ltr'>est</span> <span class='ocrx_word' id='word_1_188' title='bbox 1669 1910 1807 1967; x_wconf 90' lang='lat' dir='ltr'>deos</span> <span class='ocrx_word' id='word_1_189' title='bbox 1846 1929 1965 1966; x_wconf 86' lang='lat' dir='ltr'>non</span> 
     </span>
     <span class='ocr_line' id='line_1_24' title="bbox 275 1988 1697 2065; baseline 0.001 -21"><span class='ocrx_word' id='word_1_190' title='bbox 275 1994 494 2065; x_wconf 89' lang='lat' dir='ltr'>putare,</span> <span class='ocrx_word' id='word_1_191' title='bbox 521 2007 663 2064; x_wconf 88' lang='lat' dir='ltr'>quae</span> <span class='ocrx_word' id='word_1_192' title='bbox 697 1989 767 2045; x_wconf 90' lang='lat' dir='ltr'>ab</span> <span class='ocrx_word' id='word_1_193' title='bbox 798 1990 869 2045; x_wconf 89' lang='lat' dir='ltr'>iis</span> <span class='ocrx_word' id='word_1_194' title='bbox 899 1988 1291 2065; x_wconf 86' lang='lat' dir='ltr'>significantur</span> <span class='ocrx_word' id='word_1_195' title='bbox 1318 1997 1697 2047; x_wconf 88' lang='lat' dir='ltr'>contemnere.</span> 
     </span>
     <span class='ocr_line' id='line_1_25' title="bbox 356 2067 1967 2146; baseline 0.001 -22"><span class='ocrx_word' id='word_1_196' title='bbox 356 2067 605 2126; x_wconf 90' lang='lat' dir='ltr'>XLVII.</span> <span class='ocrx_word' id='word_1_197' title='bbox 698 2074 829 2126; x_wconf 86' lang='lat'>105.</span> <span class='ocrx_word' id='word_1_198' title='bbox 869 2067 1023 2136; x_wconf 82' lang='lat' dir='ltr'>Quid</span> <span class='ocrx_word' id='word_1_199' title='bbox 1052 2069 1124 2125; x_wconf 91' lang='lat' dir='ltr'>de</span> <span class='ocrx_word' id='word_1_200' title='bbox 1158 2069 1467 2145; x_wconf 83' lang='lat' dir='ltr'>auguribus</span> <span class='ocrx_word' id='word_1_201' title='bbox 1496 2069 1730 2146; x_wconf 66' lang='lat' dir='ltr'>loquar?</span> <span class='ocrx_word' id='word_1_202' title='bbox 1810 2068 1967 2126; x_wconf 83' lang='lat' dir='ltr'>Tuae</span> 
     </span>
     <span class='ocr_line' id='line_1_26' title="bbox 276 2148 1964 2225; baseline 0 -21"><span class='ocrx_word' id='word_1_203' title='bbox 276 2155 467 2224; x_wconf 89' lang='lat' dir='ltr'>partes</span> <span class='ocrx_word' id='word_1_204' title='bbox 492 2155 658 2205; x_wconf 87' lang='lat' dir='ltr'>sunt:</span> <span class='ocrx_word' id='word_1_205' title='bbox 698 2154 882 2220; x_wconf 87' lang='lat' dir='ltr'>tuum,</span> <span class='ocrx_word' id='word_1_206' title='bbox 905 2149 1157 2225; x_wconf 89' lang='lat' dir='ltr'>inquam,</span> <span class='ocrx_word' id='word_1_207' title='bbox 1179 2148 1560 2225; x_wconf 89' lang='lat' dir='ltr'>auspiciorum</span> <span class='ocrx_word' id='word_1_208' title='bbox 1583 2148 1964 2225; x_wconf 88' lang='lat' dir='ltr'>patrocinium</span> 
     </span>
     <span class='ocr_line' id='line_1_27' title="bbox 277 2227 1968 2304; baseline 0 -20"><span class='ocrx_word' id='word_1_209' title='bbox 277 2227 451 2285; x_wconf 87' lang='lat' dir='ltr'>debet</span> <span class='ocrx_word' id='word_1_210' title='bbox 483 2247 618 2284; x_wconf 89' lang='lat' dir='ltr'>esse.</span> <span class='ocrx_word' id='word_1_211' title='bbox 706 2228 840 2284; x_wconf 90' lang='lat' dir='ltr'>Tibi</span> <span class='ocrx_word' id='word_1_212' title='bbox 870 2227 1022 2304; x_wconf 88' lang='lat' dir='ltr'>App.</span> <span class='ocrx_word' id='word_1_213' title='bbox 1050 2227 1325 2285; x_wconf 86' lang='lat' dir='ltr'>Claudius</span> <span class='ocrx_word' id='word_1_214' title='bbox 1359 2247 1541 2304; x_wconf 86' lang='lat' dir='ltr'>augur</span> <span class='ocrx_word' id='word_1_215' title='bbox 1573 2227 1793 2285; x_wconf 90' lang='lat' dir='ltr'>consuli</span> <span class='ocrx_word' id='word_1_216' title='bbox 1826 2247 1968 2284; x_wconf 88' lang='lat' dir='ltr'>nun-</span> 
     </span>
     <span class='ocr_line' id='line_1_28' title="bbox 276 2306 1964 2383; baseline 0 -20"><span class='ocrx_word' id='word_1_217' title='bbox 276 2308 445 2364; x_wconf 88' lang='lat' dir='ltr'>tiavit</span> <span class='ocrx_word' id='word_1_218' title='bbox 470 2306 812 2364; x_wconf 86' lang='lat' dir='ltr'>addubitato</span> <span class='ocrx_word' id='word_1_219' title='bbox 843 2307 1054 2377; x_wconf 84' lang='lat' dir='ltr'>Salutis</span> <span class='ocrx_word' id='word_1_220' title='bbox 1084 2308 1323 2383; x_wconf 89' lang='lat' dir='ltr'>augurio</span> <span class='ocrx_word' id='word_1_221' title='bbox 1344 2307 1557 2365; x_wconf 91' lang='lat' dir='ltr'>bellum</span> <span class='ocrx_word' id='word_1_222' title='bbox 1588 2308 1964 2364; x_wconf 89' lang='lat' dir='ltr'>domesticum</span> 
     </span>
     <span class='ocr_line' id='line_1_29' title="bbox 276 2385 1968 2464; baseline -0.001 -20"><span class='ocrx_word' id='word_1_223' title='bbox 276 2388 441 2444; x_wconf 85' lang='lat' dir='ltr'>triste</span> <span class='ocrx_word' id='word_1_224' title='bbox 472 2406 536 2444; x_wconf 91' lang='lat' dir='ltr'>ac</span> <span class='ocrx_word' id='word_1_225' title='bbox 570 2387 967 2444; x_wconf 88' lang='lat' dir='ltr'>turbulentum</span> <span class='ocrx_word' id='word_1_226' title='bbox 998 2388 1159 2444; x_wconf 88' lang='lat' dir='ltr'>fore:</span> <span class='ocrx_word' id='word_1_227' title='bbox 1197 2386 1353 2463; x_wconf 92' lang='lat' dir='ltr'>quod</span> <span class='ocrx_word' id='word_1_228' title='bbox 1381 2388 1577 2463; x_wconf 84' lang='lat' dir='ltr'>paucis</span> <span class='ocrx_word' id='word_1_229' title='bbox 1607 2394 1737 2464; x_wconf 91' lang='lat' dir='ltr'>post</span> <span class='ocrx_word' id='word_1_230' title='bbox 1764 2385 1968 2443; x_wconf 89' lang='lat' dir='ltr'>mensi·</span> 
     </span>
     <span class='ocr_line' id='line_1_30' title="bbox 275 2467 1963 2543; baseline 0.001 -20"><span class='ocrx_word' id='word_1_231' title='bbox 275 2467 385 2524; x_wconf 91' lang='lat' dir='ltr'>bus</span> <span class='ocrx_word' id='word_1_232' title='bbox 415 2473 677 2524; x_wconf 85' lang='lat' dir='ltr'>exortum</span> <span class='ocrx_word' id='word_1_233' title='bbox 710 2467 1076 2543; x_wconf 87' lang='lat' dir='ltr'>paucioribus</span> <span class='ocrx_word' id='word_1_234' title='bbox 1111 2486 1145 2523; x_wconf 87' lang='lat' dir='ltr'>a</span> <span class='ocrx_word' id='word_1_235' title='bbox 1171 2474 1228 2524; x_wconf 91' lang='lat' dir='ltr'>te</span> <span class='ocrx_word' id='word_1_236' title='bbox 1263 2474 1349 2523; x_wconf 90' lang='lat' dir='ltr'>est</span> <span class='ocrx_word' id='word_1_237' title='bbox 1378 2467 1578 2524; x_wconf 90' lang='lat' dir='ltr'>diebus</span> <span class='ocrx_word' id='word_1_238' title='bbox 1613 2486 1963 2543; x_wconf 89' lang='lat' dir='ltr'>oppressum.</span> 
     </span>
     <span class='ocr_line' id='line_1_31' title="bbox 277 2546 1966 2623; baseline -0.001 -20"><span class='ocrx_word' id='word_1_239' title='bbox 277 2546 389 2603; x_wconf 85' lang='lat' dir='ltr'>Cui</span> <span class='ocrx_word' id='word_1_240' title='bbox 410 2546 642 2622; x_wconf 92' lang='lat' dir='ltr'>quidem</span> <span class='ocrx_word' id='word_1_241' title='bbox 664 2548 867 2623; x_wconf 89' lang='lat' dir='ltr'>auguri</span> <span class='ocrx_word' id='word_1_242' title='bbox 885 2546 1251 2603; x_wconf 84' lang='lat' dir='ltr'>vehementer</span> <span class='ocrx_word' id='word_1_243' title='bbox 1274 2547 1577 2604; x_wconf 88' lang='lat' dir='ltr'>adsentior.</span> <span class='ocrx_word' id='word_1_244' title='bbox 1624 2546 1792 2603; x_wconf 85' lang='lat' dir='ltr'>Solus</span> <span class='ocrx_word' id='word_1_245' title='bbox 1814 2547 1966 2603; x_wconf 89' lang='lat' dir='ltr'>enim</span> 
     </span>
     <span class='ocr_line' id='line_1_32' title="bbox 276 2625 1968 2701; baseline -0.001 -18"><span class='ocrx_word' id='word_1_246' title='bbox 276 2625 589 2683; x_wconf 90' lang='lat' dir='ltr'>multorum</span> <span class='ocrx_word' id='word_1_247' title='bbox 629 2646 909 2683; x_wconf 87' lang='lat' dir='ltr'>annorum</span> <span class='ocrx_word' id='word_1_248' title='bbox 953 2626 1234 2683; x_wconf 89' lang='lat' dir='ltr'>memoria</span> <span class='ocrx_word' id='word_1_249' title='bbox 1266 2646 1379 2683; x_wconf 89' lang='lat' dir='ltr'>non</span> <span class='ocrx_word' id='word_1_250' title='bbox 1418 2626 1758 2683; x_wconf 89' lang='lat' dir='ltr'>decantandi</span> <span class='ocrx_word' id='word_1_251' title='bbox 1794 2645 1968 2701; x_wconf 78' lang='lat' dir='ltr'>augu-</span> 
     </span>
     <span class='ocr_line' id='line_1_33' title="bbox 276 2705 1969 2781; baseline 0.001 -20"><span class='ocrx_word' id='word_1_252' title='bbox 276 2706 364 2775; x_wconf 88' lang='lat' dir='ltr'>rii,</span> <span class='ocrx_word' id='word_1_253' title='bbox 398 2705 499 2763; x_wconf 91' lang='lat' dir='ltr'>sed</span> <span class='ocrx_word' id='word_1_254' title='bbox 533 2706 832 2762; x_wconf 88' lang='lat' dir='ltr'>divinandi</span> <span class='ocrx_word' id='word_1_255' title='bbox 866 2707 1056 2763; x_wconf 87' lang='lat' dir='ltr'>tenuit</span> <span class='ocrx_word' id='word_1_256' title='bbox 1092 2705 1469 2781; x_wconf 89' lang='lat' dir='ltr'>disciplinam.</span> <span class='ocrx_word' id='word_1_257' title='bbox 1555 2706 1740 2774; x_wconf 82' lang='lat' dir='ltr'>Quem</span> <span class='ocrx_word' id='word_1_258' title='bbox 1776 2705 1969 2763; x_wconf 88' lang='lat' dir='ltr'>irride-</span> 
     </span>
     <span class='ocr_line' id='line_1_34' title="bbox 277 2784 1966 2862; baseline 0 -21"><span class='ocrx_word' id='word_1_259' title='bbox 277 2784 418 2842; x_wconf 85' lang='lat' dir='ltr'>bant</span> <span class='ocrx_word' id='word_1_260' title='bbox 440 2785 690 2862; x_wconf 83' lang='lat' dir='ltr'>collegae</span> <span class='ocrx_word' id='word_1_261' title='bbox 713 2786 800 2842; x_wconf 92' lang='lat' dir='ltr'>tui</span> <span class='ocrx_word' id='word_1_262' title='bbox 824 2805 1068 2862; x_wconf 90' lang='lat' dir='ltr'>eumque</span> <span class='ocrx_word' id='word_1_263' title='bbox 1092 2793 1216 2843; x_wconf 91' lang='lat' dir='ltr'>tum</span> <span class='ocrx_word' id='word_1_264' title='bbox 1243 2785 1517 2856; x_wconf 87' lang='lat' dir='ltr'>Pisidam,</span> <span class='ocrx_word' id='word_1_265' title='bbox 1539 2793 1662 2842; x_wconf 85' lang='lat' dir='ltr'>tum</span> <span class='ocrx_word' id='word_1_266' title='bbox 1686 2784 1966 2842; x_wconf 82' lang='lat' dir='ltr'>Soranum</span> 
     </span>
     <span class='ocr_line' id='line_1_35' title="bbox 276 2865 1966 2941; baseline 0 -20"><span class='ocrx_word' id='word_1_267' title='bbox 276 2884 551 2941; x_wconf 85' lang='lat' dir='ltr'>augurem</span> <span class='ocrx_word' id='word_1_268' title='bbox 597 2885 717 2922; x_wconf 91' lang='lat' dir='ltr'>esse</span> <span class='ocrx_word' id='word_1_269' title='bbox 753 2866 1036 2923; x_wconf 89' lang='lat' dir='ltr'>dicebant.</span> <span class='ocrx_word' id='word_1_270' title='bbox 1126 2865 1349 2933; x_wconf 84' lang='lat' dir='ltr'>Quibus</span> <span class='ocrx_word' id='word_1_271' title='bbox 1387 2865 1542 2922; x_wconf 89' lang='lat' dir='ltr'>nulla</span> <span class='ocrx_word' id='word_1_272' title='bbox 1575 2865 1874 2926; x_wconf 83' lang='lat' dir='ltr'>videbatur</span> <span class='ocrx_word' id='word_1_273' title='bbox 1908 2866 1966 2921; x_wconf 92' lang='lat' dir='ltr'>in</span> 
     </span>
     <span class='ocr_line' id='line_1_36' title="bbox 275 2945 1967 3021; baseline 0 -21"><span class='ocrx_word' id='word_1_274' title='bbox 275 2945 530 3020; x_wconf 86' lang='lat' dir='ltr'>auguriis</span> <span class='ocrx_word' id='word_1_275' title='bbox 561 2952 661 3001; x_wconf 89' lang='lat' dir='ltr'>aut</span> <span class='ocrx_word' id='word_1_276' title='bbox 683 2945 954 3021; x_wconf 90' lang='lat' dir='ltr'>auspiciis</span> <span class='ocrx_word' id='word_1_277' title='bbox 982 2945 1309 3021; x_wconf 87' lang='lat' dir='ltr'>praesensio</span> <span class='ocrx_word' id='word_1_278' title='bbox 1339 2953 1437 3002; x_wconf 86' lang='lat' dir='ltr'>aut</span> <span class='ocrx_word' id='word_1_279' title='bbox 1460 2945 1695 3002; x_wconf 88' lang='lat' dir='ltr'>scientia</span> <span class='ocrx_word' id='word_1_280' title='bbox 1716 2945 1967 3002; x_wconf 88' lang='lat' dir='ltr'>veritatis</span> 
     </span>
     <span class='ocr_line' id='line_1_37' title="bbox 274 3024 1968 3101; baseline -0.001 -20"><span class='ocrx_word' id='word_1_281' title='bbox 274 3025 521 3093; x_wconf 83' lang='lat' dir='ltr'>futurae,</span> <span class='ocrx_word' id='word_1_282' title='bbox 549 3024 834 3100; x_wconf 88' lang='lat' dir='ltr'>sapienter</span> <span class='ocrx_word' id='word_1_283' title='bbox 863 3024 1092 3082; x_wconf 91' lang='lat' dir='ltr'>aiebant</span> <span class='ocrx_word' id='word_1_284' title='bbox 1115 3025 1188 3081; x_wconf 91' lang='lat' dir='ltr'>ad</span> <span class='ocrx_word' id='word_1_285' title='bbox 1212 3025 1543 3101; x_wconf 89' lang='lat' dir='ltr'>opinionem</span> <span class='ocrx_word' id='word_1_286' title='bbox 1569 3025 1968 3101; x_wconf 87' lang='lat' dir='ltr'>imperitorum</span> 
     </span>
     <span class='ocr_line' id='line_1_38' title="bbox 275 3103 1968 3180; baseline -0.001 -20"><span class='ocrx_word' id='word_1_287' title='bbox 275 3123 398 3160; x_wconf 91' lang='lat' dir='ltr'>esse</span> <span class='ocrx_word' id='word_1_288' title='bbox 427 3103 587 3160; x_wconf 89' lang='lat' dir='ltr'>fictas</span> <span class='ocrx_word' id='word_1_289' title='bbox 617 3104 937 3180; x_wconf 69' lang='lat' dir='ltr'>religiones</span> <span class='ocrx_word' id='word_1_290' title='bbox 1025 3103 1198 3172; x_wconf 83' lang='lat' dir='ltr'>Quod</span> <span class='ocrx_word' id='word_1_291' title='bbox 1228 3104 1398 3179; x_wconf 88' lang='lat' dir='ltr'>longe</span> <span class='ocrx_word' id='word_1_292' title='bbox 1430 3124 1588 3161; x_wconf 90' lang='lat' dir='ltr'>secus</span> <span class='ocrx_word' id='word_1_293' title='bbox 1622 3111 1740 3161; x_wconf 86' lang='lat' dir='ltr'>est:</span> <span class='ocrx_word' id='word_1_294' title='bbox 1783 3123 1968 3179; x_wconf 86' lang='lat' dir='ltr'>neque</span> 
     </span>
     <span class='ocr_line' id='line_1_39' title="bbox 275 3183 1967 3261; baseline -0.001 -20"><span class='ocrx_word' id='word_1_295' title='bbox 275 3183 432 3241; x_wconf 86' lang='lat' dir='ltr'>enim</span> <span class='ocrx_word' id='word_1_296' title='bbox 456 3183 515 3239; x_wconf 91' lang='lat' dir='ltr'>in</span> <span class='ocrx_word' id='word_1_297' title='bbox 537 3184 865 3259; x_wconf 89' lang='lat' dir='ltr'>pastoribus</span> <span class='ocrx_word' id='word_1_298' title='bbox 887 3183 1014 3255; x_wconf 83' lang='lat' dir='ltr'>illis,</span> <span class='ocrx_word' id='word_1_299' title='bbox 1038 3183 1245 3261; x_wconf 91' lang='lat' dir='ltr'>quibus</span> <span class='ocrx_word' id='word_1_300' title='bbox 1268 3183 1549 3241; x_wconf 87' lang='lat' dir='ltr'>Romulus</span> <span class='ocrx_word' id='word_1_301' title='bbox 1578 3183 1843 3260; x_wconf 85' lang='lat' dir='ltr'>praefuit,</span> <span class='ocrx_word' id='word_1_302' title='bbox 1864 3201 1967 3240; x_wconf 84' lang='lat' dir='ltr'>nec</span> 
     </span>
    </p>
   </div>
  </div>
 </body>
</html>
