<?xml version="1.0" encoding="UTF-8"?>
<!DOCTYPE html PUBLIC "-//W3C//DTD XHTML 1.0 Transitional//EN"
    "http://www.w3.org/TR/xhtml1/DTD/xhtml1-transitional.dtd">
<html xmlns="http://www.w3.org/1999/xhtml" xml:lang="en" lang="en">
 <head>
  <title>
</title>
<meta http-equiv="Content-Type" content="text/html;charset=utf-8" />
  <meta name='ocr-system' content='tesseract 3.04.00' />
  <meta name='ocr-capabilities' content='ocr_page ocr_carea ocr_par ocr_line ocrx_word'/>
</head>
<body>
  <div class='ocr_page' id='page_1' title='image "./defato00cicegoog_0127.png"; bbox 0 0 2205 3431; ppageno 0'>
   <div class='ocr_carea' id='block_1_1' title="bbox 617 113 1977 211">
    <p class='ocr_par' dir='ltr' id='par_1_1' title="bbox 617 113 1977 211">
     <span class='ocr_line' id='line_1_1' title="bbox 617 113 1977 211; baseline 0.001 -13"><span class='ocrx_word' id='word_1_1' title='bbox 617 150 753 199; x_wconf 87' lang='lat' dir='ltr'><strong>LIB.</strong></span> <span class='ocrx_word' id='word_1_2' title='bbox 782 149 1087 210; x_wconf 75' lang='lat' dir='ltr'>111.,0A12.</span> <span class='ocrx_word' id='word_1_3' title='bbox 1117 149 1373 211; x_wconf 83' lang='lat' dir='ltr'><strong>x.-X11.‚</strong></span> <span class='ocrx_word' id='word_1_4' title='bbox 1405 148 1433 208; x_wconf 70' lang='grc' dir='ltr'><strong>ς</strong></span> <span class='ocrx_word' id='word_1_5' title='bbox 1462 151 1640 199; x_wconf 85' lang='lat'>25-31.</span> <span class='ocrx_word' id='word_1_6' title='bbox 1882 113 1977 201; x_wconf 64' lang='grc' dir='ltr'>υἷι</span> 
     </span>
    </p>
   </div>
   <div class='ocr_carea' id='block_1_2' title="bbox 224 249 1980 3207">
    <p class='ocr_par' dir='ltr' id='par_1_2' title="bbox 292 249 1978 390">
     <span class='ocr_line' id='line_1_2' title="bbox 292 249 1978 322; baseline 0 -13"><span class='ocrx_word' id='word_1_7' title='bbox 292 252 478 309; x_wconf 88' lang='lat' dir='ltr'>maior</span> <span class='ocrx_word' id='word_1_8' title='bbox 509 257 611 322; x_wconf 92' lang='lat' dir='ltr'>est,</span> <span class='ocrx_word' id='word_1_9' title='bbox 637 270 706 309; x_wconf 93' lang='lat' dir='ltr'>eo</span> <span class='ocrx_word' id='word_1_10' title='bbox 739 251 931 308; x_wconf 90' lang='lat' dir='ltr'>minus</span> <span class='ocrx_word' id='word_1_11' title='bbox 965 250 1162 307; x_wconf 79' lang='lat' dir='ltr'>divina</span> <span class='ocrx_word' id='word_1_12' title='bbox 1194 250 1413 308; x_wconf 89' lang='lat' dir='ltr'>ratione</span> <span class='ocrx_word' id='word_1_13' title='bbox 1447 249 1568 308; x_wconf 84' lang='lat' dir='ltr'>fieri</span> <span class='ocrx_word' id='word_1_14' title='bbox 1597 251 1978 309; x_wconf 84' lang='lat' dir='ltr'>existimanda</span> 
     </span>
     <span class='ocr_line' id='line_1_3' title="bbox 292 340 395 390; baseline -0.01 0"><span class='ocrx_word' id='word_1_15' title='bbox 292 340 395 390; x_wconf 79' lang='lat' dir='ltr'>est.</span> 
     </span>
    </p>

    <p class='ocr_par' dir='ltr' id='par_1_3' title="bbox 224 408 1980 968">
     <span class='ocr_line' id='line_1_4' title="bbox 374 408 1973 486; baseline 0 -18"><span class='ocrx_word' id='word_1_16' title='bbox 374 410 510 468; x_wconf 89' lang='lat' dir='ltr'>XII.</span> <span class='ocrx_word' id='word_1_17' title='bbox 597 415 690 467; x_wconf 81' lang='lat'>29.</span> <span class='ocrx_word' id='word_1_18' title='bbox 736 410 843 467; x_wconf 90' lang='lat' dir='ltr'>Illa</span> <span class='ocrx_word' id='word_1_19' title='bbox 885 416 1094 480; x_wconf 88' lang='lat' dir='ltr'>autem,</span> <span class='ocrx_word' id='word_1_20' title='bbox 1129 428 1273 486; x_wconf 91' lang='lat' dir='ltr'>quae</span> <span class='ocrx_word' id='word_1_21' title='bbox 1306 408 1628 467; x_wconf 86' lang='lat' dir='ltr'>Carneades</span> <span class='ocrx_word' id='word_1_22' title='bbox 1661 411 1973 484; x_wconf 80' lang='lat' dir='ltr'><strong>adferebat,</strong></span> 
     </span>
     <span class='ocr_line' id='line_1_5' title="bbox 293 488 1977 569; baseline -0.001 -20"><span class='ocrx_word' id='word_1_23' title='bbox 293 511 464 569; x_wconf 90' lang='lat' dir='ltr'>quem</span> <span class='ocrx_word' id='word_1_24' title='bbox 494 490 567 548; x_wconf 93' lang='lat' dir='ltr'>ad</span> <span class='ocrx_word' id='word_1_25' title='bbox 595 489 833 547; x_wconf 90' lang='lat' dir='ltr'>modum</span> <span class='ocrx_word' id='word_1_26' title='bbox 862 489 1212 547; x_wconf 67' lang='lat' dir='ltr'>dissolvitis?</span> <span class='ocrx_word' id='word_1_27' title='bbox 1294 488 1356 546; x_wconf 87' lang='lat' dir='ltr'>Si</span> <span class='ocrx_word' id='word_1_28' title='bbox 1384 489 1605 547; x_wconf 90' lang='lat' dir='ltr'>nullum</span> <span class='ocrx_word' id='word_1_29' title='bbox 1640 509 1848 566; x_wconf 92' lang='lat' dir='ltr'>corpus</span> <span class='ocrx_word' id='word_1_30' title='bbox 1874 491 1977 547; x_wconf 89' lang='lat' dir='ltr'>im-</span> 
     </span>
     <span class='ocr_line' id='line_1_6' title="bbox 290 570 1977 646; baseline -0.001 -17"><span class='ocrx_word' id='word_1_31' title='bbox 290 571 531 629; x_wconf 79' lang='lat' dir='ltr'>mortale</span> <span class='ocrx_word' id='word_1_32' title='bbox 567 571 657 641; x_wconf 90' lang='lat' dir='ltr'>sit,</span> <span class='ocrx_word' id='word_1_33' title='bbox 696 570 915 627; x_wconf 89' lang='lat' dir='ltr'>nullum</span> <span class='ocrx_word' id='word_1_34' title='bbox 958 589 1079 626; x_wconf 90' lang='lat' dir='ltr'>esse</span> <span class='ocrx_word' id='word_1_35' title='bbox 1122 588 1327 645; x_wconf 86' lang='lat' dir='ltr'>corpus</span> <span class='ocrx_word' id='word_1_36' title='bbox 1369 570 1814 646; x_wconf 86' lang='lat' dir='ltr'>sempiternum:</span> <span class='ocrx_word' id='word_1_37' title='bbox 1858 590 1977 628; x_wconf 88' lang='lat' dir='ltr'>cor-</span> 
     </span>
     <span class='ocr_line' id='line_1_7' title="bbox 289 647 1977 728; baseline -0.001 -20"><span class='ocrx_word' id='word_1_38' title='bbox 289 671 400 728; x_wconf 91' lang='lat' dir='ltr'>pus</span> <span class='ocrx_word' id='word_1_39' title='bbox 449 658 640 708; x_wconf 90' lang='lat' dir='ltr'>autem</span> <span class='ocrx_word' id='word_1_40' title='bbox 686 649 1011 707; x_wconf 80' lang='lat' dir='ltr'>immortale</span> <span class='ocrx_word' id='word_1_41' title='bbox 1055 649 1274 706; x_wconf 91' lang='lat' dir='ltr'>nullum</span> <span class='ocrx_word' id='word_1_42' title='bbox 1324 668 1459 719; x_wconf 87' lang='lat' dir='ltr'>esse,</span> <span class='ocrx_word' id='word_1_43' title='bbox 1496 669 1569 706; x_wconf 93' lang='lat' dir='ltr'>ne</span> <span class='ocrx_word' id='word_1_44' title='bbox 1613 647 1977 707; x_wconf 84' lang='lat' dir='ltr'>individuum</span> 
     </span>
     <span class='ocr_line' id='line_1_8' title="bbox 292 729 1974 808; baseline 0 -20"><span class='ocrx_word' id='word_1_45' title='bbox 292 732 523 808; x_wconf 92' lang='lat' dir='ltr'>quidem</span> <span class='ocrx_word' id='word_1_46' title='bbox 587 749 691 788; x_wconf 89' lang='lat' dir='ltr'>nec</span> <span class='ocrx_word' id='word_1_47' title='bbox 755 730 913 807; x_wconf 91' lang='lat' dir='ltr'>quod</span> <span class='ocrx_word' id='word_1_48' title='bbox 973 730 1166 786; x_wconf 88' lang='lat' dir='ltr'>dirimi</span> <span class='ocrx_word' id='word_1_49' title='bbox 1224 729 1534 786; x_wconf 72' lang='lat' dir='ltr'>distrahive</span> <span class='ocrx_word' id='word_1_50' title='bbox 1594 749 1712 800; x_wconf 85' lang='lat' dir='ltr'>non</span> <span class='ocrx_word' id='word_1_51' title='bbox 1772 731 1974 806; x_wconf 79' lang='lat' dir='ltr'>possit.</span> 
     </span>
     <span class='ocr_line' id='line_1_9' title="bbox 290 808 1975 888; baseline -0.001 -20"><span class='ocrx_word' id='word_1_52' title='bbox 290 811 555 888; x_wconf 82' lang='lat' dir='ltr'>Cumque</span> <span class='ocrx_word' id='word_1_53' title='bbox 612 829 782 868; x_wconf 91' lang='lat' dir='ltr'>omne</span> <span class='ocrx_word' id='word_1_54' title='bbox 831 809 1041 867; x_wconf 88' lang='lat' dir='ltr'>animal</span> <span class='ocrx_word' id='word_1_55' title='bbox 1091 808 1386 886; x_wconf 84' lang='lat' dir='ltr'>patibilem</span> <span class='ocrx_word' id='word_1_56' title='bbox 1442 817 1702 867; x_wconf 91' lang='lat' dir='ltr'>naturam</span> <span class='ocrx_word' id='word_1_57' title='bbox 1750 809 1975 881; x_wconf 91' lang='lat' dir='ltr'>habeat,</span> 
     </span>
     <span class='ocr_line' id='line_1_10' title="bbox 224 890 1980 968; baseline 0 -21"><span class='ocrx_word' id='word_1_58' title='bbox 224 964 228 967; x_wconf 14' lang='grc' dir='ltr'><strong><em>Δ</em></strong></span> <span class='ocrx_word' id='word_1_59' title='bbox 289 892 510 948; x_wconf 91' lang='lat' dir='ltr'>nullum</span> <span class='ocrx_word' id='word_1_60' title='bbox 554 897 641 948; x_wconf 90' lang='lat' dir='ltr'>est</span> <span class='ocrx_word' id='word_1_61' title='bbox 682 909 880 947; x_wconf 91' lang='lat' dir='ltr'>eorum</span> <span class='ocrx_word' id='word_1_62' title='bbox 924 890 1081 966; x_wconf 93' lang='lat' dir='ltr'>quod</span> <span class='ocrx_word' id='word_1_63' title='bbox 1121 890 1362 965; x_wconf 83' lang='lat' dir='ltr'>effugiat</span> <span class='ocrx_word' id='word_1_64' title='bbox 1405 890 1725 966; x_wconf 88' lang='lat' dir='ltr'>accipiendi</span> <span class='ocrx_word' id='word_1_65' title='bbox 1759 890 1980 968; x_wconf 90' lang='lat' dir='ltr'>aliquid</span> 
     </span>
    </p>

    <p class='ocr_par' dir='ltr' id='par_1_4' title="bbox 283 970 1978 3207">
     <span class='ocr_line' id='line_1_11' title="bbox 289 970 1978 1047; baseline -0.001 -19"><span class='ocrx_word' id='word_1_66' title='bbox 289 972 656 1040; x_wconf 78' lang='lat' dir='ltr'>extrinsecuS‚</span> <span class='ocrx_word' id='word_1_67' title='bbox 689 971 751 1027; x_wconf 91' lang='lat' dir='ltr'>id</span> <span class='ocrx_word' id='word_1_68' title='bbox 785 979 886 1041; x_wconf 90' lang='lat' dir='ltr'>est,</span> <span class='ocrx_word' id='word_1_69' title='bbox 920 970 1080 1047; x_wconf 91' lang='lat' dir='ltr'>quasi</span> <span class='ocrx_word' id='word_1_70' title='bbox 1113 970 1334 1026; x_wconf 85' lang='lat' dir='ltr'>ferendi</span> <span class='ocrx_word' id='word_1_71' title='bbox 1371 976 1429 1027; x_wconf 89' lang='lat' dir='ltr'>et</span> <span class='ocrx_word' id='word_1_72' title='bbox 1455 970 1712 1046; x_wconf 85' lang='lat' dir='ltr'>patiendi</span> <span class='ocrx_word' id='word_1_73' title='bbox 1740 972 1978 1028; x_wconf 86' lang='lat' dir='ltr'>necessi-</span> 
     </span>
     <span class='ocr_line' id='line_1_12' title="bbox 287 1049 1978 1122; baseline -0.001 -14"><span class='ocrx_word' id='word_1_74' title='bbox 287 1059 486 1120; x_wconf 90' lang='lat' dir='ltr'>tatem,</span> <span class='ocrx_word' id='word_1_75' title='bbox 513 1058 586 1122; x_wconf 90' lang='lat' dir='ltr'>et,</span> <span class='ocrx_word' id='word_1_76' title='bbox 613 1051 659 1108; x_wconf 91' lang='lat' dir='ltr'>si</span> <span class='ocrx_word' id='word_1_77' title='bbox 690 1070 861 1107; x_wconf 88' lang='lat' dir='ltr'>omne</span> <span class='ocrx_word' id='word_1_78' title='bbox 891 1049 1100 1107; x_wconf 90' lang='lat' dir='ltr'>animal</span> <span class='ocrx_word' id='word_1_79' title='bbox 1130 1049 1243 1106; x_wconf 91' lang='lat' dir='ltr'>tale</span> <span class='ocrx_word' id='word_1_80' title='bbox 1277 1058 1379 1120; x_wconf 89' lang='lat' dir='ltr'>est,</span> <span class='ocrx_word' id='word_1_81' title='bbox 1404 1050 1728 1107; x_wconf 84' lang='lat' dir='ltr'>immortale</span> <span class='ocrx_word' id='word_1_82' title='bbox 1755 1050 1978 1108; x_wconf 88' lang='lat' dir='ltr'>nullum</span> 
     </span>
     <span class='ocr_line' id='line_1_13' title="bbox 289 1129 1975 1208; baseline -0.001 -20"><span class='ocrx_word' id='word_1_83' title='bbox 289 1139 391 1188; x_wconf 88' lang='lat' dir='ltr'>est.</span> <span class='ocrx_word' id='word_1_84' title='bbox 477 1131 632 1208; x_wconf 84' lang='lat' dir='ltr'>Ergo</span> <span class='ocrx_word' id='word_1_85' title='bbox 675 1131 895 1200; x_wconf 91' lang='lat' dir='ltr'>itidem,</span> <span class='ocrx_word' id='word_1_86' title='bbox 928 1131 975 1186; x_wconf 92' lang='lat' dir='ltr'>si</span> <span class='ocrx_word' id='word_1_87' title='bbox 1012 1148 1182 1186; x_wconf 88' lang='lat' dir='ltr'>omne</span> <span class='ocrx_word' id='word_1_88' title='bbox 1228 1129 1436 1186; x_wconf 89' lang='lat' dir='ltr'>animal</span> <span class='ocrx_word' id='word_1_89' title='bbox 1472 1130 1646 1186; x_wconf 91' lang='lat' dir='ltr'>secari</span> <span class='ocrx_word' id='word_1_90' title='bbox 1685 1149 1749 1187; x_wconf 91' lang='lat' dir='ltr'>ac</span> <span class='ocrx_word' id='word_1_91' title='bbox 1792 1130 1975 1188; x_wconf 89' lang='lat' dir='ltr'>dividi</span> 
     </span>
     <span class='ocr_line' id='line_1_14' title="bbox 288 1209 1978 1287; baseline 0 -20"><span class='ocrx_word' id='word_1_92' title='bbox 288 1218 497 1287; x_wconf 85' lang='lat' dir='ltr'>potest,</span> <span class='ocrx_word' id='word_1_93' title='bbox 531 1211 748 1268; x_wconf 87' lang='lat' dir='ltr'>nullum</span> <span class='ocrx_word' id='word_1_94' title='bbox 785 1218 872 1266; x_wconf 90' lang='lat' dir='ltr'>est</span> <span class='ocrx_word' id='word_1_95' title='bbox 905 1229 1101 1267; x_wconf 82' lang='lat' dir='ltr'>eorum</span> <span class='ocrx_word' id='word_1_96' title='bbox 1139 1209 1517 1280; x_wconf 85' lang='lat' dir='ltr'>individuum,</span> <span class='ocrx_word' id='word_1_97' title='bbox 1549 1209 1767 1266; x_wconf 91' lang='lat' dir='ltr'>nullum</span> <span class='ocrx_word' id='word_1_98' title='bbox 1804 1218 1978 1267; x_wconf 88' lang='lat' dir='ltr'>aeter-</span> 
     </span>
     <span class='ocr_line' id='line_1_15' title="bbox 288 1288 1977 1367; baseline 0.001 -21"><span class='ocrx_word' id='word_1_99' title='bbox 288 1309 445 1348; x_wconf 88' lang='lat' dir='ltr'>num.</span> <span class='ocrx_word' id='word_1_100' title='bbox 530 1291 715 1367; x_wconf 88' lang='lat' dir='ltr'>Atqui</span> <span class='ocrx_word' id='word_1_101' title='bbox 752 1309 922 1346; x_wconf 91' lang='lat' dir='ltr'>omne</span> <span class='ocrx_word' id='word_1_102' title='bbox 956 1288 1167 1346; x_wconf 90' lang='lat' dir='ltr'>animal</span> <span class='ocrx_word' id='word_1_103' title='bbox 1201 1288 1274 1345; x_wconf 91' lang='lat' dir='ltr'>ad</span> <span class='ocrx_word' id='word_1_104' title='bbox 1309 1289 1697 1365; x_wconf 89' lang='lat' dir='ltr'>accipiendam</span> <span class='ocrx_word' id='word_1_105' title='bbox 1734 1290 1848 1346; x_wconf 91' lang='lat' dir='ltr'>vim</span> <span class='ocrx_word' id='word_1_106' title='bbox 1886 1310 1977 1347; x_wconf 85' lang='lat' dir='ltr'>cx-</span> 
     </span>
     <span class='ocr_line' id='line_1_16' title="bbox 287 1369 1978 1446; baseline 0 -19"><span class='ocrx_word' id='word_1_107' title='bbox 287 1378 510 1428; x_wconf 90' lang='lat' dir='ltr'>ternam</span> <span class='ocrx_word' id='word_1_108' title='bbox 568 1377 626 1427; x_wconf 94' lang='lat' dir='ltr'>et</span> <span class='ocrx_word' id='word_1_109' title='bbox 674 1370 970 1427; x_wconf 84' lang='lat' dir='ltr'>ferendam</span> <span class='ocrx_word' id='word_1_110' title='bbox 1019 1376 1282 1445; x_wconf 84' lang='lat' dir='ltr'>paratum</span> <span class='ocrx_word' id='word_1_111' title='bbox 1336 1376 1455 1425; x_wconf 87' lang='lat' dir='ltr'>est:</span> <span class='ocrx_word' id='word_1_112' title='bbox 1511 1369 1752 1426; x_wconf 86' lang='lat' dir='ltr'>mortale</span> <span class='ocrx_word' id='word_1_113' title='bbox 1801 1369 1978 1446; x_wconf 82' lang='lat' dir='ltr'>igitur</span> 
     </span>
     <span class='ocr_line' id='line_1_17' title="bbox 289 1447 1976 1508; baseline 0 -1"><span class='ocrx_word' id='word_1_114' title='bbox 289 1470 460 1508; x_wconf 89' lang='lat' dir='ltr'>omne</span> <span class='ocrx_word' id='word_1_115' title='bbox 503 1450 712 1507; x_wconf 90' lang='lat' dir='ltr'>animal</span> <span class='ocrx_word' id='word_1_116' title='bbox 748 1457 807 1507; x_wconf 90' lang='lat' dir='ltr'>et</span> <span class='ocrx_word' id='word_1_117' title='bbox 841 1448 1173 1506; x_wconf 83' lang='lat' dir='ltr'>dissolubile</span> <span class='ocrx_word' id='word_1_118' title='bbox 1214 1455 1272 1505; x_wconf 92' lang='lat' dir='ltr'>et</span> <span class='ocrx_word' id='word_1_119' title='bbox 1306 1447 1606 1505; x_wconf 85' lang='lat' dir='ltr'>dividuum</span> <span class='ocrx_word' id='word_1_120' title='bbox 1642 1449 1716 1506; x_wconf 81' lang='lat' dir='ltr'>sit</span> <span class='ocrx_word' id='word_1_121' title='bbox 1749 1468 1976 1507; x_wconf 87' lang='lat' dir='ltr'>necesse</span> 
     </span>
     <span class='ocr_line' id='line_1_18' title="bbox 288 1528 1975 1600; baseline -0.002 -12"><span class='ocrx_word' id='word_1_122' title='bbox 288 1537 390 1588; x_wconf 90' lang='lat' dir='ltr'>est.</span> <span class='ocrx_word' id='word_1_123' title='bbox 479 1537 571 1588; x_wconf 90' lang='lat'>30.</span> <span class='ocrx_word' id='word_1_124' title='bbox 617 1530 704 1589; x_wconf 89' lang='lat' dir='ltr'>Ut</span> <span class='ocrx_word' id='word_1_125' title='bbox 738 1530 910 1600; x_wconf 90' lang='lat' dir='ltr'>enim,</span> <span class='ocrx_word' id='word_1_126' title='bbox 942 1530 989 1586; x_wconf 89' lang='lat' dir='ltr'>si</span> <span class='ocrx_word' id='word_1_127' title='bbox 1026 1529 1215 1587; x_wconf 92' lang='lat' dir='ltr'>omnis</span> <span class='ocrx_word' id='word_1_128' title='bbox 1259 1547 1386 1584; x_wconf 89' lang='lat' dir='ltr'>cera</span> <span class='ocrx_word' id='word_1_129' title='bbox 1426 1528 1851 1585; x_wconf 89' lang='lat' dir='ltr'>commutabilis</span> <span class='ocrx_word' id='word_1_130' title='bbox 1893 1549 1975 1586; x_wconf 88' lang='lat' dir='ltr'>es-</span> 
     </span>
     <span class='ocr_line' id='line_1_19' title="bbox 288 1608 1973 1685; baseline -0.001 -19"><span class='ocrx_word' id='word_1_131' title='bbox 288 1617 390 1681; x_wconf 91' lang='lat' dir='ltr'>set,</span> <span class='ocrx_word' id='word_1_132' title='bbox 424 1610 566 1667; x_wconf 83' lang='lat' dir='ltr'>nihil</span> <span class='ocrx_word' id='word_1_133' title='bbox 603 1617 750 1667; x_wconf 90' lang='lat' dir='ltr'>esset</span> <span class='ocrx_word' id='word_1_134' title='bbox 784 1628 1026 1680; x_wconf 86' lang='lat' dir='ltr'>cereum,</span> <span class='ocrx_word' id='word_1_135' title='bbox 1054 1608 1210 1685; x_wconf 90' lang='lat' dir='ltr'>quod</span> <span class='ocrx_word' id='word_1_136' title='bbox 1243 1608 1582 1665; x_wconf 88' lang='lat' dir='ltr'>commutari</span> <span class='ocrx_word' id='word_1_137' title='bbox 1618 1627 1732 1665; x_wconf 90' lang='lat' dir='ltr'>non</span> <span class='ocrx_word' id='word_1_138' title='bbox 1761 1618 1973 1684; x_wconf 88' lang='lat' dir='ltr'>posset,</span> 
     </span>
     <span class='ocr_line' id='line_1_20' title="bbox 287 1687 1977 1768; baseline -0.002 -19"><span class='ocrx_word' id='word_1_139' title='bbox 287 1692 428 1749; x_wconf 90' lang='lat' dir='ltr'>item</span> <span class='ocrx_word' id='word_1_140' title='bbox 463 1690 608 1748; x_wconf 89' lang='lat' dir='ltr'>nihil</span> <span class='ocrx_word' id='word_1_141' title='bbox 636 1697 988 1768; x_wconf 85' lang='lat' dir='ltr'>argenteum,</span> <span class='ocrx_word' id='word_1_142' title='bbox 1010 1688 1154 1746; x_wconf 91' lang='lat' dir='ltr'>nihil</span> <span class='ocrx_word' id='word_1_143' title='bbox 1185 1706 1441 1758; x_wconf 88' lang='lat' dir='ltr'>aeneum,</span> <span class='ocrx_word' id='word_1_144' title='bbox 1473 1688 1521 1745; x_wconf 91' lang='lat' dir='ltr'>si</span> <span class='ocrx_word' id='word_1_145' title='bbox 1554 1687 1977 1746; x_wconf 89' lang='lat' dir='ltr'>commutabilis</span> 
     </span>
     <span class='ocr_line' id='line_1_21' title="bbox 287 1768 1977 1848; baseline -0.003 -19"><span class='ocrx_word' id='word_1_146' title='bbox 287 1779 435 1829; x_wconf 90' lang='lat' dir='ltr'>esset</span> <span class='ocrx_word' id='word_1_147' title='bbox 467 1778 672 1829; x_wconf 90' lang='lat' dir='ltr'>natura</span> <span class='ocrx_word' id='word_1_148' title='bbox 704 1771 926 1848; x_wconf 85' lang='lat' dir='ltr'>argenti</span> <span class='ocrx_word' id='word_1_149' title='bbox 956 1777 1015 1827; x_wconf 92' lang='lat' dir='ltr'>et</span> <span class='ocrx_word' id='word_1_150' title='bbox 1042 1770 1217 1827; x_wconf 86' lang='lat' dir='ltr'>aeris:</span> <span class='ocrx_word' id='word_1_151' title='bbox 1267 1768 1529 1825; x_wconf 88' lang='lat' dir='ltr'>similiter</span> <span class='ocrx_word' id='word_1_152' title='bbox 1561 1768 1754 1845; x_wconf 85' lang='lat' dir='ltr'>igitur,</span> <span class='ocrx_word' id='word_1_153' title='bbox 1781 1769 1829 1825; x_wconf 89' lang='lat' dir='ltr'>si</span> <span class='ocrx_word' id='word_1_154' title='bbox 1859 1788 1977 1825; x_wconf 89' lang='lat' dir='ltr'>om·</span> 
     </span>
     <span class='ocr_line' id='line_1_22' title="bbox 286 1848 1977 1928; baseline -0.002 -19"><span class='ocrx_word' id='word_1_155' title='bbox 286 1853 399 1922; x_wconf 85' lang='lat' dir='ltr'>nia,</span> <span class='ocrx_word' id='word_1_156' title='bbox 433 1871 576 1928; x_wconf 91' lang='lat' dir='ltr'>quae</span> <span class='ocrx_word' id='word_1_157' title='bbox 619 1857 769 1922; x_wconf 90' lang='lat' dir='ltr'>sunt,</span> <span class='ocrx_word' id='word_1_158' title='bbox 802 1870 833 1908; x_wconf 90' lang='lat' dir='ltr'>e</span> <span class='ocrx_word' id='word_1_159' title='bbox 868 1850 1075 1927; x_wconf 88' lang='lat' dir='ltr'>quibus</span> <span class='ocrx_word' id='word_1_160' title='bbox 1120 1856 1325 1906; x_wconf 90' lang='lat' dir='ltr'>cuncta</span> <span class='ocrx_word' id='word_1_161' title='bbox 1366 1855 1646 1919; x_wconf 85' lang='lat' dir='ltr'>constant,</span> <span class='ocrx_word' id='word_1_162' title='bbox 1677 1848 1977 1906; x_wconf 90' lang='lat' dir='ltr'>mutabilia</span> 
     </span>
     <span class='ocr_line' id='line_1_23' title="bbox 287 1928 1976 2008; baseline -0.002 -19"><span class='ocrx_word' id='word_1_163' title='bbox 287 1940 436 2002; x_wconf 90' lang='lat' dir='ltr'>sunt,</span> <span class='ocrx_word' id='word_1_164' title='bbox 467 1932 689 1989; x_wconf 91' lang='lat' dir='ltr'>nullum</span> <span class='ocrx_word' id='word_1_165' title='bbox 724 1950 931 2008; x_wconf 88' lang='lat' dir='ltr'>corpus</span> <span class='ocrx_word' id='word_1_166' title='bbox 965 1950 1086 1987; x_wconf 89' lang='lat' dir='ltr'>esse</span> <span class='ocrx_word' id='word_1_167' title='bbox 1122 1935 1315 2006; x_wconf 90' lang='lat' dir='ltr'>potest</span> <span class='ocrx_word' id='word_1_168' title='bbox 1347 1948 1464 1984; x_wconf 90' lang='lat' dir='ltr'>non</span> <span class='ocrx_word' id='word_1_169' title='bbox 1500 1928 1809 1986; x_wconf 87' lang='lat' dir='ltr'>mutabile:</span> <span class='ocrx_word' id='word_1_170' title='bbox 1853 1948 1976 1986; x_wconf 91' lang='lat' dir='ltr'>mu-</span> 
     </span>
     <span class='ocr_line' id='line_1_24' title="bbox 284 2009 1975 2086; baseline -0.002 -17"><span class='ocrx_word' id='word_1_171' title='bbox 284 2013 484 2069; x_wconf 91' lang='lat' dir='ltr'>tabilia</span> <span class='ocrx_word' id='word_1_172' title='bbox 516 2020 708 2069; x_wconf 89' lang='lat' dir='ltr'>autem</span> <span class='ocrx_word' id='word_1_173' title='bbox 740 2018 874 2067; x_wconf 88' lang='lat' dir='ltr'>sunt</span> <span class='ocrx_word' id='word_1_174' title='bbox 902 2009 1013 2080; x_wconf 91' lang='lat' dir='ltr'>illa,</span> <span class='ocrx_word' id='word_1_175' title='bbox 1039 2029 1110 2067; x_wconf 86' lang='lat' dir='ltr'>ex</span> <span class='ocrx_word' id='word_1_176' title='bbox 1142 2009 1349 2086; x_wconf 91' lang='lat' dir='ltr'>quibus</span> <span class='ocrx_word' id='word_1_177' title='bbox 1378 2009 1574 2065; x_wconf 89' lang='lat' dir='ltr'>omnia</span> <span class='ocrx_word' id='word_1_178' title='bbox 1600 2016 1882 2079; x_wconf 88' lang='lat' dir='ltr'>constant,</span> <span class='ocrx_word' id='word_1_179' title='bbox 1906 2019 1975 2066; x_wconf 90' lang='lat' dir='ltr'>ut</span> 
     </span>
     <span class='ocr_line' id='line_1_25' title="bbox 285 2088 1975 2166; baseline -0.001 -18"><span class='ocrx_word' id='word_1_180' title='bbox 285 2092 449 2149; x_wconf 90' lang='lat' dir='ltr'>vobis</span> <span class='ocrx_word' id='word_1_181' title='bbox 479 2093 737 2150; x_wconf 87' lang='lat' dir='ltr'>videtur:</span> <span class='ocrx_word' id='word_1_182' title='bbox 781 2110 952 2147; x_wconf 89' lang='lat' dir='ltr'>omne</span> <span class='ocrx_word' id='word_1_183' title='bbox 974 2090 1154 2166; x_wconf 85' lang='lat' dir='ltr'>igitur</span> <span class='ocrx_word' id='word_1_184' title='bbox 1183 2108 1389 2164; x_wconf 90' lang='lat' dir='ltr'>corpus</span> <span class='ocrx_word' id='word_1_185' title='bbox 1410 2088 1684 2145; x_wconf 86' lang='lat' dir='ltr'>mutabile</span> <span class='ocrx_word' id='word_1_186' title='bbox 1714 2098 1812 2146; x_wconf 89' lang='lat' dir='ltr'>est.</span> <span class='ocrx_word' id='word_1_187' title='bbox 1889 2092 1975 2146; x_wconf 89' lang='lat' dir='ltr'>At</span> 
     </span>
     <span class='ocr_line' id='line_1_26' title="bbox 286 2168 1974 2248; baseline -0.002 -19"><span class='ocrx_word' id='word_1_188' title='bbox 286 2173 334 2229; x_wconf 89' lang='lat' dir='ltr'>si</span> <span class='ocrx_word' id='word_1_189' title='bbox 376 2179 522 2230; x_wconf 91' lang='lat' dir='ltr'>esset</span> <span class='ocrx_word' id='word_1_190' title='bbox 565 2191 770 2248; x_wconf 90' lang='lat' dir='ltr'>corpus</span> <span class='ocrx_word' id='word_1_191' title='bbox 813 2171 1047 2247; x_wconf 91' lang='lat' dir='ltr'>aliquod</span> <span class='ocrx_word' id='word_1_192' title='bbox 1080 2168 1422 2239; x_wconf 88' lang='lat' dir='ltr'>immortale,</span> <span class='ocrx_word' id='word_1_193' title='bbox 1453 2187 1569 2224; x_wconf 90' lang='lat' dir='ltr'>non</span> <span class='ocrx_word' id='word_1_194' title='bbox 1614 2176 1761 2226; x_wconf 89' lang='lat' dir='ltr'>esset</span> <span class='ocrx_word' id='word_1_195' title='bbox 1803 2188 1974 2226; x_wconf 90' lang='lat' dir='ltr'>omne</span> 
     </span>
     <span class='ocr_line' id='line_1_27' title="bbox 285 2248 1969 2324; baseline -0.001 -16"><span class='ocrx_word' id='word_1_196' title='bbox 285 2252 594 2310; x_wconf 89' lang='lat' dir='ltr'>mutabile:</span> <span class='ocrx_word' id='word_1_197' title='bbox 639 2253 722 2309; x_wconf 87' lang='lat' dir='ltr'>ita</span> <span class='ocrx_word' id='word_1_198' title='bbox 762 2250 1006 2308; x_wconf 85' lang='lat' dir='ltr'>efficitur</span> <span class='ocrx_word' id='word_1_199' title='bbox 1038 2256 1104 2306; x_wconf 90' lang='lat' dir='ltr'>ut</span> <span class='ocrx_word' id='word_1_200' title='bbox 1139 2268 1308 2305; x_wconf 90' lang='lat' dir='ltr'>omne</span> <span class='ocrx_word' id='word_1_201' title='bbox 1350 2267 1557 2324; x_wconf 91' lang='lat' dir='ltr'>corpus</span> <span class='ocrx_word' id='word_1_202' title='bbox 1597 2248 1838 2306; x_wconf 88' lang='lat' dir='ltr'>mortale</span> <span class='ocrx_word' id='word_1_203' title='bbox 1880 2250 1969 2307; x_wconf 84' lang='lat' dir='ltr'>sit.</span> 
     </span>
     <span class='ocr_line' id='line_1_28' title="bbox 284 2328 1973 2407; baseline -0.002 -18"><span class='ocrx_word' id='word_1_204' title='bbox 284 2333 516 2389; x_wconf 87' lang='lat' dir='ltr'>Etenim</span> <span class='ocrx_word' id='word_1_205' title='bbox 553 2329 723 2388; x_wconf 80' lang='lat' dir='ltr'>om&#39;ne</span> <span class='ocrx_word' id='word_1_206' title='bbox 758 2350 964 2407; x_wconf 91' lang='lat' dir='ltr'>corpus</span> <span class='ocrx_word' id='word_1_207' title='bbox 998 2336 1096 2386; x_wconf 91' lang='lat' dir='ltr'>aut</span> <span class='ocrx_word' id='word_1_208' title='bbox 1132 2348 1280 2406; x_wconf 87' lang='lat' dir='ltr'>aqua</span> <span class='ocrx_word' id='word_1_209' title='bbox 1313 2335 1413 2385; x_wconf 92' lang='lat' dir='ltr'>aut</span> <span class='ocrx_word' id='word_1_210' title='bbox 1440 2334 1539 2384; x_wconf 74' lang='lat' dir='ltr'>aer</span> <span class='ocrx_word' id='word_1_211' title='bbox 1566 2336 1666 2385; x_wconf 93' lang='lat' dir='ltr'>aut</span> <span class='ocrx_word' id='word_1_212' title='bbox 1694 2328 1845 2404; x_wconf 81' lang='lat' dir='ltr'>ignis</span> <span class='ocrx_word' id='word_1_213' title='bbox 1873 2336 1973 2386; x_wconf 91' lang='lat' dir='ltr'>aut</span> 
     </span>
     <span class='ocr_line' id='line_1_29' title="bbox 283 2408 1969 2488; baseline -0.002 -19"><span class='ocrx_word' id='word_1_214' title='bbox 283 2419 435 2469; x_wconf 89' lang='lat' dir='ltr'>terra</span> <span class='ocrx_word' id='word_1_215' title='bbox 475 2418 561 2469; x_wconf 92' lang='lat' dir='ltr'>est</span> <span class='ocrx_word' id='word_1_216' title='bbox 602 2418 702 2468; x_wconf 92' lang='lat' dir='ltr'>aut</span> <span class='ocrx_word' id='word_1_217' title='bbox 735 2411 812 2481; x_wconf 90' lang='lat' dir='ltr'>id,</span> <span class='ocrx_word' id='word_1_218' title='bbox 846 2410 1001 2488; x_wconf 91' lang='lat' dir='ltr'>quod</span> <span class='ocrx_word' id='word_1_219' title='bbox 1036 2417 1124 2467; x_wconf 91' lang='lat' dir='ltr'>est</span> <span class='ocrx_word' id='word_1_220' title='bbox 1167 2415 1498 2466; x_wconf 86' lang='lat' dir='ltr'>concretum</span> <span class='ocrx_word' id='word_1_221' title='bbox 1540 2427 1609 2465; x_wconf 87' lang='lat' dir='ltr'>ex</span> <span class='ocrx_word' id='word_1_222' title='bbox 1644 2408 1735 2464; x_wconf 92' lang='lat' dir='ltr'>his</span> <span class='ocrx_word' id='word_1_223' title='bbox 1768 2416 1867 2465; x_wconf 88' lang='lat' dir='ltr'>aut</span> <span class='ocrx_word' id='word_1_224' title='bbox 1901 2428 1969 2465; x_wconf 86' lang='lat' dir='ltr'>ex</span> 
     </span>
     <span class='ocr_line' id='line_1_30' title="bbox 284 2487 1969 2569; baseline -0.002 -21"><span class='ocrx_word' id='word_1_225' title='bbox 284 2493 475 2569; x_wconf 88' lang='lat' dir='ltr'>aliqua</span> <span class='ocrx_word' id='word_1_226' title='bbox 516 2499 678 2568; x_wconf 89' lang='lat' dir='ltr'>parte</span> <span class='ocrx_word' id='word_1_227' title='bbox 726 2510 938 2548; x_wconf 90' lang='lat' dir='ltr'>eorum.</span> <span class='ocrx_word' id='word_1_228' title='bbox 1026 2490 1255 2547; x_wconf 89' lang='lat' dir='ltr'>Horum</span> <span class='ocrx_word' id='word_1_229' title='bbox 1304 2495 1494 2545; x_wconf 89' lang='lat' dir='ltr'>autem</span> <span class='ocrx_word' id='word_1_230' title='bbox 1530 2487 1672 2544; x_wconf 89' lang='lat' dir='ltr'>nihil</span> <span class='ocrx_word' id='word_1_231' title='bbox 1710 2496 1796 2544; x_wconf 90' lang='lat' dir='ltr'>est</span> <span class='ocrx_word' id='word_1_232' title='bbox 1828 2489 1969 2564; x_wconf 89' lang='lat' dir='ltr'>quin</span> 
     </span>
     <span class='ocr_line' id='line_1_31' title="bbox 284 2568 1973 2630; baseline -0.003 -2"><span class='ocrx_word' id='word_1_233' title='bbox 284 2573 542 2630; x_wconf 89' lang='lat' dir='ltr'>intereat.</span> <span class='ocrx_word' id='word_1_234' title='bbox 633 2577 724 2628; x_wconf 91' lang='grc'>31.</span> <span class='ocrx_word' id='word_1_235' title='bbox 770 2571 919 2627; x_wconf 89' lang='lat' dir='ltr'>Nam</span> <span class='ocrx_word' id='word_1_236' title='bbox 956 2577 1014 2628; x_wconf 91' lang='lat' dir='ltr'>et</span> <span class='ocrx_word' id='word_1_237' title='bbox 1046 2577 1334 2627; x_wconf 87' lang='lat' dir='ltr'>terrenum</span> <span class='ocrx_word' id='word_1_238' title='bbox 1382 2587 1552 2624; x_wconf 90' lang='lat' dir='ltr'>omne</span> <span class='ocrx_word' id='word_1_239' title='bbox 1596 2568 1873 2624; x_wconf 89' lang='lat' dir='ltr'>dividitur</span> <span class='ocrx_word' id='word_1_240' title='bbox 1914 2575 1973 2624; x_wconf 88' lang='lat' dir='ltr'>ct</span> 
     </span>
     <span class='ocr_line' id='line_1_32' title="bbox 284 2647 1971 2724; baseline -0.002 -16"><span class='ocrx_word' id='word_1_241' title='bbox 284 2671 452 2709; x_wconf 91' lang='lat' dir='ltr'>umor</span> <span class='ocrx_word' id='word_1_242' title='bbox 495 2652 578 2709; x_wconf 88' lang='lat' dir='ltr'>ita</span> <span class='ocrx_word' id='word_1_243' title='bbox 619 2651 811 2708; x_wconf 89' lang='lat' dir='ltr'>mollis</span> <span class='ocrx_word' id='word_1_244' title='bbox 856 2657 958 2721; x_wconf 89' lang='lat' dir='ltr'>est,</span> <span class='ocrx_word' id='word_1_245' title='bbox 989 2657 1056 2707; x_wconf 90' lang='lat' dir='ltr'>ut</span> <span class='ocrx_word' id='word_1_246' title='bbox 1101 2648 1270 2706; x_wconf 81' lang='lat' dir='ltr'>facile</span> <span class='ocrx_word' id='word_1_247' title='bbox 1319 2647 1620 2724; x_wconf 83' lang='lat' dir='ltr'>comprimi</span> <span class='ocrx_word' id='word_1_248' title='bbox 1665 2647 1971 2723; x_wconf 89' lang='lat' dir='ltr'>collidique</span> 
     </span>
     <span class='ocr_line' id='line_1_33' title="bbox 283 2727 1971 2808; baseline -0.003 -20"><span class='ocrx_word' id='word_1_249' title='bbox 283 2732 483 2808; x_wconf 87' lang='lat' dir='ltr'>possit,</span> <span class='ocrx_word' id='word_1_250' title='bbox 516 2732 667 2808; x_wconf 84' lang='lat' dir='ltr'>ignis</span> <span class='ocrx_word' id='word_1_251' title='bbox 700 2750 834 2788; x_wconf 89' lang='lat' dir='ltr'>vero</span> <span class='ocrx_word' id='word_1_252' title='bbox 869 2738 927 2787; x_wconf 93' lang='lat' dir='ltr'>et</span> <span class='ocrx_word' id='word_1_253' title='bbox 960 2737 1059 2787; x_wconf 74' lang='lat' dir='ltr'>aer</span> <span class='ocrx_word' id='word_1_254' title='bbox 1087 2729 1246 2786; x_wconf 87' lang='lat' dir='ltr'>omni</span> <span class='ocrx_word' id='word_1_255' title='bbox 1277 2728 1530 2805; x_wconf 89' lang='lat' dir='ltr'>impulsu</span> <span class='ocrx_word' id='word_1_256' title='bbox 1558 2727 1829 2783; x_wconf 89' lang='lat' dir='ltr'>facillime</span> <span class='ocrx_word' id='word_1_257' title='bbox 1857 2727 1971 2803; x_wconf 78' lang='lat' dir='ltr'>pel-</span> 
     </span>
     <span class='ocr_line' id='line_1_34' title="bbox 284 2806 1966 2888; baseline -0.001 -21"><span class='ocrx_word' id='word_1_258' title='bbox 284 2811 423 2869; x_wconf 86' lang='lat' dir='ltr'>litur</span> <span class='ocrx_word' id='word_1_259' title='bbox 462 2819 778 2888; x_wconf 80' lang='lat' dir='ltr'>naturaque</span> <span class='ocrx_word' id='word_1_260' title='bbox 835 2810 1041 2868; x_wconf 89' lang='lat' dir='ltr'>cedens</span> <span class='ocrx_word' id='word_1_261' title='bbox 1083 2815 1170 2866; x_wconf 89' lang='lat' dir='ltr'>est</span> <span class='ocrx_word' id='word_1_262' title='bbox 1211 2809 1460 2865; x_wconf 85' lang='lat' dir='ltr'>maxime</span> <span class='ocrx_word' id='word_1_263' title='bbox 1503 2814 1561 2864; x_wconf 86' lang='lat' dir='ltr'>et</span> <span class='ocrx_word' id='word_1_264' title='bbox 1602 2806 1966 2883; x_wconf 81' lang='lat' dir='ltr'>dissipabilis.</span> 
     </span>
     <span class='ocr_line' id='line_1_35' title="bbox 285 2887 1970 2958; baseline -0.004 -10"><span class='ocrx_word' id='word_1_265' title='bbox 285 2891 587 2949; x_wconf 85' lang='lat' dir='ltr'>Praeterea</span> <span class='ocrx_word' id='word_1_266' title='bbox 629 2891 824 2948; x_wconf 88' lang='lat' dir='ltr'>omnia</span> <span class='ocrx_word' id='word_1_267' title='bbox 863 2890 1002 2947; x_wconf 92' lang='lat' dir='ltr'>haec</span> <span class='ocrx_word' id='word_1_268' title='bbox 1044 2897 1172 2947; x_wconf 86' lang='lat' dir='ltr'>tum</span> <span class='ocrx_word' id='word_1_269' title='bbox 1213 2889 1518 2958; x_wconf 85' lang='lat' dir='ltr'>intereunt,</span> <span class='ocrx_word' id='word_1_270' title='bbox 1550 2906 1681 2944; x_wconf 90' lang='lat' dir='ltr'>cum</span> <span class='ocrx_word' id='word_1_271' title='bbox 1715 2887 1773 2943; x_wconf 91' lang='lat' dir='ltr'>in</span> <span class='ocrx_word' id='word_1_272' title='bbox 1808 2893 1970 2944; x_wconf 90' lang='lat' dir='ltr'>natu-</span> 
     </span>
     <span class='ocr_line' id='line_1_36' title="bbox 283 2967 1966 3046; baseline -0.004 -18"><span class='ocrx_word' id='word_1_273' title='bbox 283 2991 404 3029; x_wconf 86' lang='lat' dir='ltr'>ram</span> <span class='ocrx_word' id='word_1_274' title='bbox 435 2972 601 3028; x_wconf 89' lang='lat' dir='ltr'>aliam</span> <span class='ocrx_word' id='word_1_275' title='bbox 628 2977 1052 3041; x_wconf 86' lang='lat' dir='ltr'>convertuntur,</span> <span class='ocrx_word' id='word_1_276' title='bbox 1075 2968 1232 3046; x_wconf 90' lang='lat' dir='ltr'>quod</span> <span class='ocrx_word' id='word_1_277' title='bbox 1253 2967 1335 3039; x_wconf 90' lang='lat' dir='ltr'>fit,</span> <span class='ocrx_word' id='word_1_278' title='bbox 1358 2988 1488 3025; x_wconf 87' lang='lat' dir='ltr'>cum</span> <span class='ocrx_word' id='word_1_279' title='bbox 1510 2975 1661 3025; x_wconf 88' lang='lat' dir='ltr'>terra</span> <span class='ocrx_word' id='word_1_280' title='bbox 1681 2968 1738 3023; x_wconf 91' lang='lat' dir='ltr'>in</span> <span class='ocrx_word' id='word_1_281' title='bbox 1762 2987 1966 3044; x_wconf 89' lang='lat' dir='ltr'>aquam</span> 
     </span>
     <span class='ocr_line' id='line_1_37' title="bbox 284 3048 1967 3126; baseline -0.002 -19"><span class='ocrx_word' id='word_1_282' title='bbox 284 3071 344 3108; x_wconf 85' lang='lat' dir='ltr'>se</span> <span class='ocrx_word' id='word_1_283' title='bbox 386 3053 557 3109; x_wconf 84' lang='lat' dir='ltr'>vertit</span> <span class='ocrx_word' id='word_1_284' title='bbox 591 3058 648 3108; x_wconf 95' lang='lat' dir='ltr'>et</span> <span class='ocrx_word' id='word_1_285' title='bbox 682 3070 811 3107; x_wconf 90' lang='lat' dir='ltr'>cum</span> <span class='ocrx_word' id='word_1_286' title='bbox 848 3069 917 3107; x_wconf 85' lang='lat' dir='ltr'>ex</span> <span class='ocrx_word' id='word_1_287' title='bbox 952 3069 1099 3126; x_wconf 88' lang='lat' dir='ltr'>aqua</span> <span class='ocrx_word' id='word_1_288' title='bbox 1133 3048 1314 3105; x_wconf 88' lang='lat' dir='ltr'>oritur</span> <span class='ocrx_word' id='word_1_289' title='bbox 1348 3054 1447 3104; x_wconf 74' lang='lat' dir='ltr'>aer</span> <span class='ocrx_word' id='word_1_290' title='bbox 1479 3055 1535 3104; x_wconf 94' lang='lat' dir='ltr'>et</span> <span class='ocrx_word' id='word_1_291' title='bbox 1570 3067 1699 3104; x_wconf 88' lang='lat' dir='ltr'>cum</span> <span class='ocrx_word' id='word_1_292' title='bbox 1734 3067 1802 3104; x_wconf 88' lang='lat' dir='ltr'>ex</span> <span class='ocrx_word' id='word_1_293' title='bbox 1836 3054 1967 3103; x_wconf 70' lang='lat' dir='ltr'>aere</span> 
     </span>
     <span class='ocr_line' id='line_1_38' title="bbox 284 3129 1962 3207; baseline -0.004 -18"><span class='ocrx_word' id='word_1_294' title='bbox 284 3131 482 3189; x_wconf 87' lang='lat' dir='ltr'>aether</span> <span class='ocrx_word' id='word_1_295' title='bbox 541 3150 786 3207; x_wconf 89' lang='lat' dir='ltr'>cumque</span> <span class='ocrx_word' id='word_1_296' title='bbox 848 3130 1048 3187; x_wconf 89' lang='lat' dir='ltr'>eadem</span> <span class='ocrx_word' id='word_1_297' title='bbox 1102 3129 1355 3185; x_wconf 81' lang='lat' dir='ltr'>vicissim</span> <span class='ocrx_word' id='word_1_298' title='bbox 1412 3134 1562 3185; x_wconf 88' lang='lat' dir='ltr'>retro</span> <span class='ocrx_word' id='word_1_299' title='bbox 1624 3134 1962 3183; x_wconf 87' lang='lat' dir='ltr'>commeant.</span> 
     </span>
    </p>
   </div>
   <div class='ocr_carea' id='block_1_3' title="bbox 284 3206 1966 3336">
    <p class='ocr_par' dir='ltr' id='par_1_5' title="bbox 284 3206 1966 3336">
     <span class='ocr_line' id='line_1_39' title="bbox 284 3206 1966 3284; baseline -0.006 -15"><span class='ocrx_word' id='word_1_300' title='bbox 284 3211 457 3280; x_wconf 82' lang='lat' dir='ltr'>Quod</span> <span class='ocrx_word' id='word_1_301' title='bbox 499 3212 546 3269; x_wconf 91' lang='lat' dir='ltr'>si</span> <span class='ocrx_word' id='word_1_302' title='bbox 589 3231 656 3269; x_wconf 89' lang='lat' dir='ltr'>ea</span> <span class='ocrx_word' id='word_1_303' title='bbox 700 3213 1006 3280; x_wconf 86' lang='lat' dir='ltr'>intereunt,</span> <span class='ocrx_word' id='word_1_304' title='bbox 1037 3229 1105 3266; x_wconf 86' lang='lat' dir='ltr'>ex</span> <span class='ocrx_word' id='word_1_305' title='bbox 1143 3207 1350 3284; x_wconf 89' lang='lat' dir='ltr'>quibus</span> <span class='ocrx_word' id='word_1_306' title='bbox 1384 3213 1607 3262; x_wconf 88' lang='lat' dir='ltr'>constat</span> <span class='ocrx_word' id='word_1_307' title='bbox 1641 3225 1810 3261; x_wconf 87' lang='lat' dir='ltr'>omne</span> <span class='ocrx_word' id='word_1_308' title='bbox 1851 3206 1966 3260; x_wconf 89' lang='lat' dir='ltr'>ani-</span> 
     </span>
     <span class='ocr_line' id='line_1_40' title="bbox 450 3292 509 3336; baseline -0.034 -1"><span class='ocrx_word' id='word_1_309' title='bbox 450 3292 509 3336; x_wconf 75' lang='lat' dir='ltr'>l«)</span> 
     </span>
    </p>
   </div>
   <div class='ocr_carea' id='block_1_4' title="bbox 2025 3284 2130 3351">
    <p class='ocr_par' dir='ltr' id='par_1_6' title="bbox 2025 3284 2130 3351">
     <span class='ocr_line' id='line_1_41' title="bbox 2025 3284 2130 3351; baseline 0 -7"><span class='ocrx_word' id='word_1_310' title='bbox 2025 3284 2130 3351; x_wconf 64' lang='lat' dir='ltr'>I</span> 
     </span>
    </p>
   </div>
  </div>
 </body>
</html>
