2205 3431
241 82 336 131 244
758 81 858 130 DE
891 81 1399 132 DIVINATIONE.

532 179 649 228 Nou
672 179 1018 242 intellegimus,
1037 179 1136 229 nisi
1157 180 1200 228 si
1224 189 1394 243 aperte
1420 179 1626 230 dixeris,

241 284 325 341 At
353 283 447 342 ille
475 304 593 341 uno
622 284 831 341 verbo:

533 394 770 443 Testudo.

243 501 378 557 Non
410 506 680 577 potueras
707 500 818 557 hoc
851 501 1032 576 igitur
1057 520 1091 556 a
1120 497 1421 576 principi0‚
1448 499 1757 571 citharista,
1784 500 1936 558 dice-

243 581 338 638 re?
439 580 623 638 LXV.
711 585 842 637 134.
886 580 1094 637 Defert
1143 580 1217 636 ad
1266 580 1648 637 coniectorem
1695 579 1934 656 quidam

243 660 555 717 somniasse
589 679 649 716 se
683 679 855 717 ovum
888 660 1139 736 pendere
1172 679 1242 716 ex
1276 660 1456 716 fascia
1486 659 1620 717 lecti
1654 660 1743 716 sui
1775 659 1937 717 cubi-

242 740 463 797 cularis,
546 739 652 796 Est
679 739 789 796 hoc
818 740 877 796 in
908 739 1221 815 Chrysippi
1249 738 1396 796 libro
1431 739 1735 796 somnium.
1820 739 1934 796 Re-

243 819 479 896 spondit
507 819 797 876 coniector
816 819 1147 876 thesaurum
1170 819 1465 875 defossum
1488 837 1610 876 esse
1630 818 1740 875 sub
1759 818 1933 876 lecto,

244 899 447 956 Fodit:
491 899 712 955 invenit
745 899 865 955 auri
900 898 1275 975 aliquantum,
1304 898 1479 974 idque
1512 898 1934 955 circumdatum

243 985 498 1054 argento,
583 977 745 1034 Misit
786 978 1098 1035 coniectori
1143 977 1482 1054 quantulum
1515 978 1702 1034 visum
1737 984 1825 1035 est
1859 978 1936 1035 de

244 1065 498 1134 argento,
581 1057 732 1113 Tum
765 1057 892 1114 ille:
937 1056 1190 1127 Nihilne,
1213 1057 1419 1134 inquit,
1444 1056 1517 1114 de
1544 1057 1780 1114 vitello?
1860 1057 1935 1114 Id

244 1138 398 1194 enim
427 1137 478 1193 ei
508 1156 577 1194 ex
607 1156 716 1193 ovo
745 1136 1047 1193 videbatur
1072 1156 1275 1193 aurum
1296 1136 1623 1211 declarasse,
1646 1136 1931 1214 reliquum

245 1223 563 1293 argentum.
638 1215 900 1273 Nemone
922 1216 1101 1291 igitur
1120 1235 1395 1293 umquam
1424 1217 1568 1272 alius
1588 1235 1759 1273 ovum
1784 1236 1935 1273 som-

245 1297 462 1354 niavitss
499 1315 602 1353 cur
632 1315 769 1372 ergo
802 1296 897 1352 hic
929 1297 1123 1353 nescio
1158 1297 1256 1372 qui
1289 1296 1619 1353 thesaurum
1662 1295 1816 1352 solus
1848 1297 1936 1352 in-

247 1377 446 1433 venit?
526 1375 712 1444 Quam
746 1375 915 1432 multi
942 1377 1146 1450 inopes
1179 1376 1342 1451 digni
1370 1375 1655 1452 praesidio
1690 1376 1974 1455 deorumg

246 1456 406 1512 nullo
448 1457 673 1512 somnio
714 1455 788 1512 ad
821 1455 1152 1512 thesaurum
1177 1455 1582 1532 reperiendum
1621 1455 1931 1512 admonen-

246 1537 374 1593 tur!
457 1534 643 1603 Quam
685 1542 878 1592 autem
912 1535 988 1591 ob
1021 1554 1250 1591 causam
1284 1541 1401 1591 tam
1439 1540 1525 1591 est
1558 1533 1794 1591 obscure
1836 1535 1931 1591 ad-

247 1616 519 1685 monituS,
559 1623 627 1672 ut
673 1634 743 1672 ex
793 1634 903 1671 ovo
944 1622 1268 1672 nasceretur
1309 1614 1560 1672 thesauri
1610 1613 1930 1671 similitudo

249 1696 446 1772 potius
489 1715 661 1773 quam
702 1701 896 1772 aperte
938 1694 1270 1753 thesaurum
1317 1713 1583 1771 quaerere
1621 1692 1931 1765 iuberetur,

250 1776 399 1833 sicut
439 1783 632 1853 aperte
667 1776 994 1833 Simonides
1033 1776 1246 1832 vetitus
1287 1782 1373 1832 est
1406 1775 1710 1851 navigare?
1794 1780 1929 1831 135.

249 1856 405 1932 Ergo
439 1856 678 1913 obscura
710 1856 932 1911 somnia
965 1856 1202 1911 minime
1236 1861 1618 1912 consentanea
1643 1854 1933 1911 maiestati

250 1936 504 1992 deorum.
589 1934 803 1992 LXVI.
840 1935 936 1992 Ad
959 1943 1155 2011 apert-a
1181 1941 1239 1991 et
1260 1954 1289 1991 c
1313 1953 1408 1991 ara
1433 1934 1745 2005 veniamus,
1765 1933 1932 2010 quale

251 2022 337 2072 est
365 2015 436 2072 de
463 2013 565 2071 illo
591 2015 899 2072 interfecto
926 2035 960 2071 a
987 2034 1244 2091 caupone
1329 2014 1528 2091 egariS,
1553 2013 1719 2091 quale
1747 2014 1818 2071 de
1848 2013 1934 2070 Si-

249 2095 503 2166 monide,
523 2095 621 2172 qui
650 2094 721 2151 ab
750 2114 836 2166 ρο,
863 2114 1031 2171 quem
1054 2094 1335 2165 humarat,
1358 2094 1570 2151 vetitus
1598 2100 1685 2151 est
1706 2094 1935 2169 naviga-

250 2195 326 2246 re,
361 2175 524 2253 quale
557 2176 728 2233 etiam
759 2175 830 2232 de
858 2174 1204 2245 AlexandrO,
1231 2174 1387 2250 quod
1414 2193 1449 2229 a
1474 2180 1532 2230 te
1559 2174 1932 2250 praeteritum

252 2275 374 2313 esse
411 2256 622 2313 miror:
667 2255 781 2332 qui,
813 2274 943 2311 cum
978 2253 1345 2310 Ptolemaeus
1377 2253 1676 2310 familiaris
1715 2253 1837 2310 eius
1871 2254 1933 2309 in

254 2336 471 2411 proelio
505 2335 620 2392 telo
654 2341 932 2392 venenato
966 2334 1115 2390 ictus
1142 2340 1290 2391 esset
1317 2352 1498 2410 eoque
1526 2332 1756 2390 vulnere
1784 2351 1935 2390 sum-

252 2435 350 2472 mo
385 2434 515 2472 cum
550 2414 746 2472 dolore
778 2421 1107 2484 moreretur,
1132 2413 1459 2471 Alexander
1486 2412 1752 2470 adsidens
1785 2431 1934 2469 som-

252 2514 331 2553 no
373 2502 459 2552 est
501 2495 849 2571 consopitus
933 2494 1084 2550 Tum
1128 2494 1441 2551 secundum
1484 2494 1736 2570 quietem
1777 2492 1936 2549 visus

255 2576 308 2631 ei
338 2575 548 2632 dicitur
580 2576 750 2632 draco
783 2575 850 2646 is,
876 2593 1046 2651 quem
1081 2580 1263 2630 mater
1290 2573 1591 2649 Olympias
1624 2572 1825 2642 alebat,
1849 2591 1935 2628 ra-

255 2654 503 2711 diculam
539 2675 634 2712 ore
671 2655 818 2711 ferre
861 2661 918 2710 et
958 2652 1125 2709 simul
1160 2653 1346 2710 dicere
1381 2671 1497 2729 quo
1534 2652 1632 2709 illa
1663 2652 1776 2709 loci
1809 2671 1935 2707 nas-

256 2742 768 2810 ceretur—neque
810 2734 859 2789 is
899 2734 1070 2809 longe
1112 2732 1307 2789 aberat
1348 2732 1418 2789 ab
1462 2752 1529 2789 eo
1571 2732 1935 2789 loco—eius

257 2820 448 2869 autem
494 2833 613 2869 esse
654 2815 772 2869 vim
814 2821 1050 2883 tantam,
1088 2820 1154 2869 ut
1195 2812 1593 2869 Ptolemaeum
1633 2810 1803 2869 facile
1852 2831 1934 2867 sa-

258 2898 441 2950 naret.
510 2892 660 2947 Cum
688 2892 1015 2949 Alexander
1041 2899 1400 2967 experrectus
1428 2898 1708 2948 narrasset
1735 2891 1934 2948 amicis

259 2970 562 3038 somnium,
592 2971 846 3027 emisisse
886 2972 983 3047 qui
1016 2971 1174 3027 illam
1215 2970 1525 3028 radiculam
1566 2978 1932 3048 quaererent:

260 3065 371 3121 qua
407 3048 640 3103 inventa
679 3055 738 3104 et
773 3049 1138 3105 Ptolemaeus
1181 3057 1408 3107 sanatus
1447 3050 1657 3108 dicitur
1698 3057 1757 3108 et
1791 3050 1933 3106 mul-

258 3125 306 3178 ti
354 3124 581 3195 milites,
627 3127 726 3197 qui
775 3134 934 3183 erant
982 3128 1185 3184 eodem
1232 3149 1436 3202 genere
1485 3130 1585 3186 teli
1635 3130 1931 3187 vulnerati.
