2205 3431
275 120 368 166 182
788 120 888 169 DE
926 119 1431 170 DIVINATIONE.

270 221 426 277 facta
452 220 725 278 deductio
754 228 856 279 est.
941 221 1091 278 Cum
1122 229 1313 279 autem
1338 222 1613 280 Veientes
1639 221 1791 280 bello
1819 224 1960 284 fessi

269 300 489 377 legatos
533 300 608 357 ad
648 307 909 359 senatum
956 301 1264 371 misissent,
1302 310 1427 358 tum
1474 321 1543 359 ex
1588 302 1676 358 his
1722 304 1958 379 quidam

267 380 479 437 dixisse
514 380 725 437 dicitur
757 400 875 438 non
910 381 1106 438 omnia
1147 381 1311 437 illum
1353 381 1715 458 transfugam
1754 402 1958 441 ausum

269 479 390 517 esse
425 460 647 517 senatui
689 460 910 518 dicere:
956 461 1013 516 in
1058 461 1264 518 iisdem
1299 461 1454 518 enim
1497 462 1636 518 fatis
1678 462 1959 539 scriptum

270 539 544 597 Veientes
576 539 785 597 habere
816 541 991 597 “fore
1022 548 1086 597 ut
1119 540 1281 597 brevi
1313 559 1348 596 a
1374 539 1555 597 Gallis
1581 540 1771 599 Roma
1798 560 1962 619 cape-

270 619 477 691 retur,'’
504 618 660 696 quod
689 620 923 696 quidem
954 621 1226 676 sexennio
1254 628 1388 696 post
1409 620 1588 678 Veios
1610 628 1810 697 captos
1838 642 1960 680 esse

269 700 489 756 factum
538 699 813 757 videmus
900 699 1082 757 XLV.
1160 705 1290 757 101.
1344 699 1526 776 Saepe
1574 701 1746 757 etiam
1794 707 1853 758 et
1898 703 1959 758 in

269 779 501 855 proeliis
534 778 713 835 Fauni
757 779 940 836 auditi
982 785 1041 836 et
1083 779 1142 835 in
1186 779 1355 836 rebus
1396 780 1642 838 turbidis
1676 781 1958 839 veridicae

270 878 436 916 voces
464 877 533 915 ex
562 858 788 916 occulto
818 859 1025 916 missae
1054 878 1175 916 esse
1205 859 1489 918 dicuntur.
1575 860 1756 917 Cuius
1789 879 1960 936 gene-

270 939 346 995 ris
376 938 491 995 duo
522 946 656 995 sunt
689 958 757 995 ex
791 938 988 995 multis
1018 938 1296 1015 exempla,
1323 939 1423 996 sed
1451 939 1717 997 maxima.
1803 939 1957 997 Nam

270 1036 385 1074 non
426 1017 611 1075 multo
646 1026 778 1075 ante
822 1018 1020 1076 urbem
1064 1027 1293 1095 captam
1336 1019 1606 1076 exaudita
1645 1039 1756 1076 vox
1799 1027 1887 1077 est
1924 1040 1960 1077 a

269 1097 398 1154 luco
430 1097 656 1165 Vestae,
683 1099 780 1174 qui
815 1118 849 1155 a
878 1098 1083 1156 Palatii
1119 1099 1309 1157 radice
1342 1098 1402 1154 in
1438 1117 1646 1155 novam
1677 1099 1830 1156 viam
1861 1099 1957 1157 de-

270 1197 444 1233 vexus
472 1184 573 1247 est,
609 1179 726 1234 “ut
754 1178 904 1234 muri
937 1188 995 1235 et
1023 1186 1223 1255 portae
1253 1178 1648 1235 reficerent-ur:
1692 1179 1957 1236 futurum

270 1277 409 1325 esse,
433 1258 544 1313 nisi
574 1258 864 1333 provisum
889 1266 1051 1329 esset,
1077 1266 1144 1314 nt
1165 1257 1353 1315 Roma
1374 1257 1724 1334 caperetur.'’
1783 1257 1957 1326 Quod

269 1337 608 1413 neglectum,
642 1357 772 1394 eum
807 1338 991 1395 caveri
1025 1345 1268 1414 poterat,
1301 1347 1435 1414 post
1468 1345 1758 1413 acceptam
1797 1338 1955 1395 illam

270 1418 576 1473 maximam
606 1417 826 1474 cladem
854 1417 1148 1493 expiatum
1180 1425 1282 1475 est.
1365 1421 1486 1474 Ara
1514 1418 1669 1474 enim
1698 1418 1814 1474 Aio
1851 1417 1959 1475 Lo-

270 1497 485 1573 quenti,
538 1516 705 1573 quam
772 1505 1027 1574 saeptam
1083 1496 1362 1566 videmuS,
1421 1497 1761 1554 exadversus
1821 1517 1956 1555 eum

270 1576 458 1633 locum
488 1584 815 1633 consecrata
840 1585 941 1634 est.
1013 1577 1210 1653 Atque
1240 1577 1412 1633 etiam
1443 1577 1721 1653 scriptum
1749 1597 1784 1634 a
1812 1577 1959 1634 mul-

268 1657 344 1713 tis
371 1664 474 1728 est,
499 1676 628 1713 cum
658 1663 839 1713 terrae
868 1664 1060 1714 motus
1088 1657 1277 1714 factus
1306 1663 1469 1728 esset,
1503 1658 1537 1683 ‘⁴
1558 1663 1622 1713 ut
1651 1676 1751 1714 sue
1785 1657 1959 1735 plena

269 1738 596 1814 procuratio
639 1736 854 1807 fieret,’'
888 1757 1089 1794 vocem
1133 1736 1204 1794 ab
1247 1737 1388 1795 aede
1429 1737 1670 1794 Iunonis
1715 1757 1783 1795 ex
1827 1758 1958 1797 arce

269 1817 585 1874 exstitisse:
629 1817 894 1893 quocirca
935 1816 1217 1874 Iunonem
1261 1816 1416 1873 illam
1451 1817 1793 1894 appellatam
1831 1817 1957 1875 Mo-

267 1904 476 1954 netam.
562 1896 725 1953 Haec
757 1897 934 1972 igitur
969 1906 1026 1954 et
1055 1916 1091 1953 a
1118 1897 1207 1953 dis
1242 1896 1562 1972 significata
1587 1905 1646 1955 et
1678 1917 1713 1955 a
1739 1899 1957 1955 nostris

272 1975 584 2033 maioribus
612 1976 863 2033 iudicata
890 1977 1350 2034 contemnimus?

353 2061 482 2112 102.
519 2056 721 2133 Neque
740 2057 922 2113 solum
943 2057 1180 2113 deorum
1201 2075 1368 2113 voces
1390 2055 1739 2132 Pythagorei
1767 2056 1958 2115 obser-

267 2136 605 2206 vitaverunt,
637 2135 738 2193 sed
771 2137 942 2194 etiam
979 2136 1282 2192 hominum
1318 2155 1462 2212 quae
1498 2145 1703 2193 vocant
1739 2137 1953 2194 omina.

268 2216 426 2284 Quae
470 2216 713 2273 maiores
757 2216 940 2273 nostri
983 2216 1117 2292 quia
1153 2215 1335 2272 valere
1377 2215 1700 2284 censebant,
1740 2216 1957 2274 idcirco

267 2296 537 2353 omnibus
580 2296 749 2353 rebus
797 2295 1071 2372 agendis:
1126 2295 1350 2363 “Quod
1400 2294 1636 2366 bonum,
1675 2296 1956 2368 faustum,

266 2376 406 2432 felix
448 2377 925 2452 fortunatumque
968 2373 1172 2446 esset,’'
1208 2374 1632 2450 praefabantur,
1671 2376 1958 2452 rebusque

267 2456 492 2527 divinis,
526 2475 670 2532 quae
710 2455 938 2532 publice
978 2455 1197 2526 fierent,
1231 2461 1296 2512 ut
1331 2454 1643 2513 “faverent
1687 2455 1900 2531 linguis
1919 2456 1956 2483 '’

267 2536 669 2612 imperabatur,
706 2536 880 2613 inque
911 2536 1073 2593 feriis
1113 2534 1468 2612 imperandis
1498 2541 1566 2591 ut
1601 2533 1854 2593 “litibus
1897 2544 1961 2595 et

265 2616 468 2693 iurgiis
501 2636 560 2674 se
593 2615 998 2673 abstinerent.''
1082 2614 1348 2690 Itemque
1382 2615 1443 2671 in
1478 2614 1772 2672 lustranda
1805 2615 1962 2674 colo-

266 2696 362 2752 nia
394 2696 466 2753 ab
496 2716 581 2766 e0,
614 2697 711 2773 qui
747 2716 872 2753 eam
907 2695 1231 2765 deduceret,
1263 2701 1323 2752 et
1350 2714 1481 2752 cum
1518 2695 1830 2771 imperator
1865 2715 1962 2753 ex-

267 2776 523 2846 ercitum,
556 2796 755 2833 censor
782 2776 1061 2852 populum
1105 2774 1387 2845 lustraret,
1419 2775 1588 2832 bonis
1621 2775 1961 2834 nominibus

269 2856 366 2930 qui
396 2855 611 2912 hostias
640 2857 913 2913 ducerent
941 2854 1313 2932 eligebantur.
1389 2854 1560 2923 Quod
1595 2855 1747 2912 idem
1781 2856 1840 2912 in
1873 2857 1961 2913 di-

267 2934 417 2990 lectu
460 2936 720 2991 consules
762 2936 1079 3003 observant,
1101 2942 1168 2991 nt
1201 2935 1424 3011 primus
1467 2935 1632 2992 miles
1664 2934 1764 2991 fiat
1798 2935 1959 2993 bono

268 3014 517 3069 nomine.
608 3019 737 3070 103.
775 3014 934 3082 Quae
970 3015 1204 3091 quidem
1241 3034 1275 3071 a
1307 3022 1364 3071 te
1400 3015 1509 3071 scis
1543 3023 1601 3072 et
1630 3015 1863 3073 consule
1898 3025 1961 3074 et

268 3091 611 3181 imperatore
642 3111 865 3148 summa
892 3093 1168 3169 religione
1199 3113 1318 3151 esse
1342 3102 1576 3152 servata.
1648 3095 1962 3173 Praeroga-

267 3169 445 3226 tivam
475 3170 649 3226 ctiam
679 3171 921 3228 maiores
943 3192 1114 3229 omen
1137 3173 1418 3230 iustorum
1442 3174 1810 3233 comitiorum
1834 3196 1963 3236 esse
