2205 3431
216 137 239 180 l
250 135 310 181 74
736 133 833 181 DE
868 132 1369 182 DIVINATIONE.

213 252 351 300 esse,
395 251 514 288 non
562 232 635 289 de
690 233 929 290 victoria
981 233 1373 309 cogitandum.
1457 231 1716 290 XXXV.
1805 232 1904 291 77.

213 311 405 379 Quid?
437 311 587 369 bello
615 312 837 369 Punico
866 313 1119 369 secundo
1140 332 1333 370 nonne
1354 311 1419 370 C.
1441 312 1754 369 Flaminius
1774 332 1909 370 con-

213 391 301 448 sul
320 392 528 449 iterum
546 392 797 467 neglexit
814 392 978 468 signa
994 412 1182 449 rerum
1201 393 1524 449 futurarum
1541 412 1753 469 magna
1770 412 1908 450 cum

213 471 375 529 clade
402 472 483 528 rei
511 471 810 547 publicae?
890 471 1004 540 Qui
1031 472 1283 528 exercitu
1313 472 1552 529 lustrato
1581 492 1712 529 cum
1736 472 1910 530 Arre-

214 552 362 608 tium
404 571 597 608 veisus
637 560 820 608 castra
859 552 1135 608 movisset
1172 559 1234 608 et
1273 560 1474 608 contra
1514 551 1908 609 Hannibalem

215 631 470 707 legiones
510 631 758 700 duceret,
789 640 849 688 et
881 632 1003 707 ipse
1035 639 1096 688 et
1128 651 1309 708 equus
1349 632 1472 688 eius
1505 641 1638 689 ante
1671 633 1906 708 signum

216 710 370 767 Iovis
404 710 648 767 Statoris
688 712 811 767 sine
853 730 1024 767 causa
1062 720 1300 787 repente
1342 712 1596 768 concidit
1628 730 1732 768 nec
1775 731 1906 768 eam

216 810 337 847 rem
372 790 574 847 habuit
614 790 894 866 religioni,
926 790 1154 848 obiecto
1196 791 1380 866 sign0,
1413 798 1478 847 ut
1509 791 1710 867 peritis
1751 791 1908 848 vide-

220 870 400 940 batur,
431 889 502 926 ne
541 872 930 927 committeret
962 870 1260 947 proelium.
1347 870 1510 927 Idem
1552 889 1683 928 cum
1725 871 1908 947 tripu-

216 950 316 1007 dio
353 951 755 1026 auspicaretur,
789 950 1059 1027 pullarius
1099 950 1256 1007 diem
1298 950 1501 1026 proelii
1542 951 1908 1008 committen-

217 1030 280 1087 di
308 1030 623 1087 differebat.
707 1030 856 1087 Tum
888 1030 1202 1087 Flaminius
1234 1050 1304 1087 ex
1332 1050 1402 1087 eo
1432 1031 1729 1107 quaesivit,
1755 1031 1802 1087 si
1833 1050 1907 1087 ne

218 1118 419 1186 postea
440 1110 671 1186 quidem
696 1110 837 1186 pulli
860 1119 1240 1186 pascerentur,
1262 1111 1403 1187 quid
1424 1111 1754 1167 faciendum
1777 1130 1907 1167 cen-

218 1198 380 1247 seret..
466 1191 616 1246 Cum
643 1190 737 1247 ille
772 1190 1180 1267 quiescendum
1210 1191 1613 1267 respondisset,
1638 1190 1909 1247 Flamini-

220 1289 315 1327 us:
354 1270 389 1296 ‘⁶
406 1269 703 1327 Praeclara
718 1289 853 1327 vero
870 1271 1140 1346 auspicia,
1158 1272 1204 1327 si
1227 1270 1608 1327 esurientibus
1624 1271 1796 1347 pullis
1818 1290 1910 1327 res

218 1351 341 1426 geri
362 1350 592 1427 poterit,
613 1351 820 1407 saturis
846 1350 992 1406 nihil
1013 1350 1297 1426 geretur.''
1366 1350 1492 1427 Itaq
1501 1370 1568 1407 ue
1591 1352 1756 1427 signa
1776 1370 1910 1408 con-

224 1430 349 1488 velli
385 1438 443 1487 et
477 1450 536 1486 se
570 1431 730 1507 sequi
765 1431 945 1487 iussit.
1031 1430 1162 1498 Quo
1195 1439 1457 1507 tempore
1490 1450 1621 1487 cum
1665 1431 1911 1507 signifer

219 1510 392 1587 primi
436 1510 647 1566 hastati
687 1511 915 1586 signum
957 1529 1074 1566 non
1120 1519 1314 1586 posset
1356 1529 1585 1567 movere
1631 1510 1758 1567 loco
1801 1531 1909 1567 ncc

221 1592 523 1667 quicquam
575 1589 959 1667 proficeretur,
996 1590 1187 1667 plures
1228 1610 1359 1646 cum
1402 1591 1751 1661 accederent,
1789 1590 1914 1647 Fla-

222 1671 434 1728 minius
462 1689 520 1727 re
550 1670 812 1728 nuntiata
838 1689 942 1728 suo
973 1689 1130 1728 more
1153 1669 1425 1747 neglexit.
1503 1670 1704 1748 Itaque
1726 1670 1913 1728 tribus

221 1752 379 1808 horis
426 1753 686 1808 concisus
727 1752 1006 1827 exercitus
1047 1759 1219 1828 atque
1262 1752 1383 1828 ipse
1425 1751 1762 1807 interfectus
1804 1759 1909 1809 est.

226 1834 257 1888 7
267 1838 317 1888 8
364 1831 640 1907 Magnum
684 1831 828 1888 illud
872 1833 1063 1901 etiam,
1096 1831 1254 1908 quod
1294 1831 1521 1888 addidit
1566 1829 1809 1901 CaeliuS,
1841 1851 1913 1888 eo

223 1919 483 1987 tempore
514 1911 656 1987 ἰρεο,
681 1931 812 1968 cum
841 1911 952 1968 hoc
985 1876 1382 1968 calamitosum
1412 1910 1573 1968 fieret
1605 1911 1911 1987 proelium,

224 1999 418 2048 tantos
446 1998 626 2047 terrae
653 1992 882 2048 motus
869 2011 927 2047 in
952 1991 1273 2067 Liguribus,
1297 1990 1483 2047 Gallia
1500 1991 1917 2068 compluribus-

227 2091 337 2148 que
367 2070 565 2127 insulis
593 2078 829 2148 totaque
858 2072 915 2128 in
946 2071 1114 2128 Italia
1139 2072 1327 2128 factos
1355 2090 1493 2141 esse,
1517 2079 1583 2128 ut
1611 2072 1793 2128 multa
1814 2092 1917 2148 op-

226 2151 364 2229 pida
396 2151 725 2220 corruerint,
750 2150 947 2208 multis
980 2151 1121 2208 locis
1154 2151 1308 2207 labes
1341 2150 1527 2207 factae
1562 2151 1677 2206 sint
1711 2160 1916 2207 terrae-

228 2252 338 2308 que
368 2231 691 2289 desederint
718 2230 1111 2307 fluminaque
1094 2251 1155 2287 1n
1186 2231 1496 2288 contrarias
1523 2237 1714 2306 partes
1741 2229 1918 2288 fluxe-

227 2314 343 2370 rint
371 2318 541 2388 atque
563 2311 623 2367 in
645 2330 841 2368 amnes
862 2330 1016 2368 mare
1038 2311 1343 2368 influxerit.
1413 2310 1702 2367 XXXVI.
1740 2309 1918 2368 Fiunt

228 2399 379 2449 certe
413 2391 831 2448 divinationum
866 2391 1224 2448 coniecturae
1252 2410 1286 2446 a
1313 2391 1525 2467 peritis
1610 2389 1803 2447 Midae
1830 2390 1919 2447 illi

229 2472 468 2549 Phrygi,
492 2491 623 2529 cum
652 2490 795 2547 puer
821 2477 983 2541 esset,
1008 2471 1317 2528 dormienti
1341 2471 1616 2527 formicae
1645 2471 1704 2526 in
1735 2489 1799 2526 os
1820 2471 1920 2527 tri-

228 2553 330 2610 tici
357 2571 535 2630 grana
561 2558 982 2627 congesserunt.
1067 2549 1494 2608 Divitissimum
1517 2551 1643 2607 fore
1666 2549 1919 2626 praedic-

230 2641 354 2690 tum
405 2640 522 2691 est:
569 2633 726 2709 quod
774 2631 978 2689 evenit.
1062 2631 1148 2688 At
1196 2631 1429 2688 Platoni
1474 2649 1604 2687 cnm
1648 2630 1706 2686 in
1754 2630 1919 2686 cunis

230 2713 466 2789 parvulo
509 2712 817 2770 dormienti
859 2731 993 2788 apes
1033 2710 1094 2767 in
1137 2710 1353 2767 labellis
1394 2710 1800 2779 consedissent,
1837 2728 1920 2766 re-

232 2812 505 2869 sponsum
542 2800 628 2850 est
661 2791 933 2868 singulari
960 2791 1122 2847 illum
1158 2809 1292 2846 suax
1298 2791 1434 2847 itate
1469 2790 1744 2846 orationis
1771 2753 1915 2846 f’orc.

234 2872 325 2929 Ita
370 2873 566 2930 futura
612 2872 939 2949 eloquentia
984 2871 1213 2948 provisa
1256 2870 1311 2926 in
1366 2869 1587 2927 infante
1633 2875 1733 2925 est.
1821 2868 1852 2924 7
1862 2874 1914 2926 9

235 2951 424 3018 Quid?
466 2970 687 3007 amores
715 2972 778 3008 ac
807 2952 1040 3007 deliciae
1067 2957 1201 3007 tuae
1230 2950 1470 3006 Roscius
1497 2969 1637 3006 num
1667 2955 1767 3005 aut
1795 2948 1918 3025 ipse

235 3036 334 3086 aut
361 3048 465 3104 pro
496 3048 563 3085 eo
594 3029 911 3086 Lanuvium
940 3036 1132 3087 totum
1152 3028 1574 3086 mentiebatur?
1649 3028 1762 3096 Qui
1785 3047 1918 3085 cum

236 3115 384 3165 cssct
416 3108 475 3163 in
510 3107 802 3164 cunabulis
836 3108 1329 3183 educareturque
1316 3128 1376 3164 111
1409 3107 1664 3179 SoloniO,
1697 3108 1797 3184 qui
1831 3113 1918 3165 est

237 3204 473 3261 campus
506 3186 627 3261 agri
656 3185 951 3257 Lanuvini,
975 3194 1151 3243 noctu
1178 3187 1395 3245 lumine
1423 3188 1691 3263 apposito
1725 3207 1919 3265 exper⁴
