2205 3431
549 147 687 194 LIB.
717 147 783 208 1.,
806 147 962 196 CAP.
996 147 1520 209 XXV1.-XXVIII.,
1551 145 1579 206 ἓ
1607 149 1780 197 73-79.
1946 151 2011 197 29

325 253 518 304 essent
545 247 859 320 simulacra,
887 267 1030 324 quae
1054 255 1386 306 venerantes
1415 249 1553 306 deos
1581 249 1737 324 ipsos
1767 269 1824 307 sc
1855 250 2010 307 adire

325 327 657 385 crederent?
751 328 1055 390 Auxerunt
1105 336 1297 386 autem
1345 328 1485 386 haec
1535 329 1733 386 eadem
1783 338 2007 406 poetae,

325 408 591 484 pictoreS,
624 407 872 484 opifices,
958 408 1097 465 Erat
1126 409 1279 465 enim
1310 428 1426 465 non
1456 409 1624 465 facile
1653 418 1887 485 agentes
1916 411 2012 466 ali-

327 487 470 563 quid
498 494 556 544 et
587 487 891 545 molientes
926 488 1064 544 deos
1097 488 1156 544 in
1193 487 1429 545 aliarum
1466 489 1782 545 formarum
1828 491 2012 547 imita-

326 568 487 624 tione
530 586 764 624 servare.
851 568 1112 624 Accessit
1154 568 1328 624 etiam
1364 569 1474 624 ista
1516 568 1714 644 opinio
1749 569 2007 640 fortasse,

326 647 485 723 quod
513 646 734 703 homini
767 647 1001 704 homine
1034 647 1329 724 pulchrius
1362 647 1507 704 nihil
1538 648 1810 713 videatur.
1897 649 2011 707 Sed

323 736 391 784 tu
420 727 547 796 hoc,
572 726 827 803 physice,
858 746 976 783 non
1005 727 1165 784 vides
1201 747 1371 804 quam
1404 727 1615 784 blanda
1656 728 2010 786 conciliatrix

325 813 384 862 et
427 825 596 882 quam
634 808 721 863 sui
757 808 831 864 sit
863 807 992 864 lena
1024 809 1259 864 natura?
1339 807 1436 863 An
1471 815 1640 884 putas
1675 809 1847 865 ullam
1892 829 2011 866 esse

323 893 475 943 terra
515 887 772 963 marique
816 886 1040 944 beluam
1089 906 1233 963 quae
1282 906 1400 943 non
1446 888 1533 944 sui
1575 889 1801 964 generis
1843 889 2011 946 belua

325 966 573 1023 maxime
602 967 950 1024 delectetur?
1016 966 1187 1035 Quod
1209 970 1270 1024 ni
1293 967 1374 1025 ita
1395 976 1556 1039 esset,
1582 987 1683 1024 cur
1704 988 1818 1025 non
1842 970 2012 1046 gesti-

324 1054 411 1103 ret
439 1054 637 1104 taurus
671 1067 848 1124 equae
882 1049 1349 1117 contrectatione,
1382 1068 1562 1124 equus
1596 1050 1833 1107 vaccae?
1914 1050 2011 1106 An

322 1132 389 1182 tu
431 1127 680 1202 aquilam
724 1136 833 1184 aut·
858 1127 1081 1184 leonem
1126 1135 1225 1184 aut
1268 1128 1604 1204 delphinum
1648 1128 1822 1185 ullam
1857 1137 2012 1187 ante-

323 1206 472 1264 ferre
501 1226 694 1265 censes
723 1206 965 1284 figuram
994 1209 1164 1265 suae?
1200 1208 1340 1284 quid
1368 1209 1545 1284 igitur
1571 1208 1798 1278 mirum,
1825 1209 1871 1265 si
1900 1209 2011 1266 hoc

324 1287 528 1344 eodem
557 1288 732 1345 modo
756 1287 978 1344 homini
1001 1296 1204 1344 natura
1224 1289 1604 1365 praescripsit,
1632 1296 1694 1345 ut
1723 1288 1866 1345 nihil
1890 1289 2012 1366 pul-

324 1366 515 1424 chrius
546 1387 715 1444 quam
745 1367 1041 1425 hominem
1070 1375 1315 1445 putaret,
1343 1387 1467 1424 eam
1504 1388 1624 1425 esse
1654 1387 1881 1425 causam
1912 1389 2012 1426 cur

324 1447 464 1503 deos
490 1447 791 1504 hominum
822 1448 1034 1504 similes
1062 1449 1430 1525 putaremus?

406 1527 695 1585 XXVIII.
784 1527 874 1584 78.
922 1527 1075 1596 Quid
1119 1548 1329 1598 censeS,
1363 1529 1410 1584 si
1452 1528 1598 1585 ratio
1642 1536 1790 1585 esset
1823 1529 1883 1584 in
1917 1527 2049 1596 bc·-

324 1606 472 1664 luis?
514 1627 629 1664 non
674 1627 776 1664 suo
822 1627 1073 1684 quasque
1116 1609 1311 1684 generi
1350 1608 1662 1685 plurimum
1698 1609 2010 1666 tributuras

324 1687 538 1745 fuisse?
599 1688 683 1745 At
712 1687 1031 1747 mehercule
1060 1689 1442 1766 ego—dicam
1465 1689 1619 1745 enim
1649 1696 1715 1746 ut
1744 1689 2010 1747 sentio—

326 1769 586 1844 quamvis
634 1788 818 1825 amem
871 1770 994 1845 ipse
1043 1789 1151 1839 me,
1183 1777 1377 1827 tamen
1426 1788 1543 1825 non
1589 1770 1772 1826 audeo
1822 1770 2009 1827 dicere

325 1848 708 1925 pulchriorem
729 1869 849 1906 esse
867 1868 976 1918 me,
998 1869 1170 1927 quam
1193 1850 1287 1906 ille
1308 1850 1485 1906 fuerit
1507 1857 1718 1919 tauruS,
1738 1851 1833 1927 qui
1854 1852 2009 1908 vexit

324 1928 633 2006 Europam.
719 1929 853 1986 Non
896 1930 1051 1986 enim
1084 1929 1196 1986 hoc
1239 1929 1366 1987 loco
1401 1929 1473 1987 de
1506 1930 1754 2007 ingeniis
1795 1938 1895 1988 aut
1936 1931 2008 1988 de

325 2009 681 2066 orationibus
723 2010 946 2080 nostriS‚
980 2010 1078 2067 sed
1122 2010 1194 2067 de
1236 2010 1424 2086 specie
1465 2009 1759 2087 figuraque
1795 2012 2010 2088 quaeri-

323 2096 434 2146 tur.
520 2088 692 2157 Quod
735 2089 783 2145 si
816 2088 1030 2166 fingere
1071 2089 1241 2146 nobis
1271 2097 1328 2146 et
1356 2091 1592 2166 iungere
1627 2091 1843 2148 formas
1876 2092 2009 2147 veli-

323 2188 468 2239 muS,
492 2169 673 2245 qualis
696 2168 788 2225 ille
812 2171 1133 2227 maritimus
1154 2170 1358 2227 Triton
1389 2170 1649 2247 pingitur
1677 2172 2008 2228 natantibus

325 2248 599 2306 invehens
620 2248 802 2306 beluis
831 2250 1115 2307 adiunctis
1136 2251 1391 2306 humano
1421 2252 1663 2327 corpori,
1689 2252 1836 2308 nolis
1865 2271 2000 2309 esse.

323 2327 562 2385 Difficili
590 2330 649 2386 in
679 2329 806 2386 loco
836 2350 1041 2387 versor.
1128 2330 1234 2387 Est
1263 2331 1416 2387 enim
1448 2331 1532 2386 vis
1562 2338 1722 2388 tanta
1749 2339 2001 2403 naturae,

324 2415 390 2465 ut
416 2408 594 2465 homo
637 2428 807 2466 nemo
836 2410 973 2467 velit
1006 2410 1118 2467 nisi
1152 2409 1403 2467 hominis
1446 2411 1647 2468 similis
1689 2431 1823 2469 esse.
1913 2413 2002 2470 79.

324 2488 402 2545 Et
432 2490 664 2565 quidem
693 2490 938 2546 formica
964 2490 1255 2547 formicae.
1342 2490 1452 2547 Sed
1490 2499 1682 2548 tamen
1718 2493 1879 2548 cuius
1907 2492 2008 2549 ho-

323 2569 534 2626 minis?
615 2569 840 2638 Quotus
869 2569 1020 2626 enim
1052 2570 1292 2647 quisquc
1320 2571 1609 2627 formosus
1638 2573 1760 2628 est?
1828 2571 2008 2630 Athe-

324 2649 414 2705 nis
459 2668 591 2706 cum
640 2669 837 2719 essem,
870 2670 900 2707 0
942 2650 1213 2726 gregibus
1259 2651 1609 2727 epheborum
1655 2652 1749 2707 vix
1796 2652 2004 2729 singuli

325 2729 766 2804 reperiebantur.
853 2730 1042 2788 Video
1079 2731 1220 2808 quid
1255 2731 1533 2800 adriseriS,
1561 2731 1661 2787 sed
1695 2732 1776 2788 ita
1809 2738 2003 2790 tamen

325 2827 385 2864 se
413 2828 501 2866 res
528 2808 716 2867 habet.
802 2810 1029 2867 Deinde
1065 2811 1247 2881 nobiS‚
1275 2812 1373 2888 qui
1408 2811 1853 2868 concedentibus
1881 2812 2006 2889 phi-

325 2888 581 2965 losophis
609 2890 860 2967 antiquis
883 2890 1320 2948 adulescentulis
1344 2890 1706 2961 delectamur,
1732 2892 1905 2948 etiam
1929 2894 2007 2948 vi-

324 2968 409 3025 tia
449 2989 615 3047 saepe
656 2970 904 3027 iucunda
945 2978 1092 3028 sunt.
1193 2970 1421 3028 Nacvus
1461 2971 1519 3027 in
1564 2971 1801 3027 articulo
1843 2973 2006 3048 pueri

326 3048 572 3107 delectat
600 3050 892 3107 Alcaeum.
979 3050 1062 3106 At
1105 3058 1190 3107 est
1232 3051 1487 3126 corporis
1521 3051 1743 3106 macula
1776 3070 2000 3106 naevus,

327 3128 420 3185 Illi
462 3137 653 3187 tamen
683 3130 792 3187 hoc
827 3130 1019 3186 lumen
1057 3130 1368 3185 videbatur.
1456 3129 1522 3195 Q.
1555 3129 1808 3194 Catulus,
1836 3128 2005 3183 huius

327 3209 576 3287 collegae
605 3217 663 3268 et
690 3210 986 3267 familiaris
1015 3209 1194 3265 nostri
1224 3216 1401 3284 pater,
1428 3207 1628 3262 dilexit
1655 3206 2002 3288 municipem
2031 3247 2126 3305 Δ,-

326 3297 493 3346 tuum
524 3290 814 3360 Roscium,
840 3291 896 3346 in
929 3308 1098 3362 quem
1130 3289 1300 3344 ctiam
1332 3286 1473 3342 illud
1503 3291 1588 3340 est·
1617 3284 1769 3338 eius:
2017 3317 2022 3320 Α
