2205 3431
458 145 594 193 LIB.
625 145 717 205 11„
747 144 903 194 CAP.
933 144 1506 205 XXXVI.—XXX1X.,
1536 143 1563 202 ἓ
1596 144 1771 192 77-83.
1862 144 1958 189 225

276 265 420 322 quae
448 243 703 301 volucres
730 244 843 301 huc
871 251 929 301 et
957 244 1093 301 illuc
1122 244 1335 321 passim
1359 250 1629 320 vagantes
1658 241 1865 301 efficiat
1892 248 1959 299 ut

275 324 598 401 significent
630 324 847 401 aliquid
881 330 940 381 et
973 331 1099 381 tum
1131 330 1323 381 vetent
1357 343 1538 401 agere,
1563 330 1689 380 tum
1722 322 1959 380 iubeant

275 412 374 462 aut
402 410 573 461 cantu
607 411 706 461 aut
735 404 964 461 volatu?
1046 403 1166 461 Cur
1192 410 1383 460 autern
1418 404 1542 460 aliis
1577 423 1610 460 a
1637 403 1808 473 laeva,
1834 402 1960 459 aliis

274 505 308 542 a
336 485 534 542 dextra
567 483 766 540 datum
800 491 888 540 est
913 483 1115 540 avibus
1147 491 1214 540 ut
1242 492 1428 540 ratum
1465 483 1783 559 auspicium
1812 482 1959 538 face-

274 584 335 622 re
362 564 623 640 possint?
705 562 834 631 Quo
867 563 1044 620 modo
1072 572 1266 621 autem
1293 563 1434 620 haec
1467 570 1567 620 aut
1596 562 1825 639 quando
1860 569 1960 619 aut

275 664 310 701 a
350 643 557 720 quibus
599 643 831 700 inventa
871 643 1164 701 dicemus?
1245 643 1472 700 Etrusci
1512 650 1705 699 tamen
1744 640 1960 698 habent

276 731 567 781 exaratum
609 742 849 798 puerum
891 729 1183 780 auctorem
1225 722 1558 799 disciplinae
1602 741 1750 779 suae.
1836 720 1960 777 Nos

278 804 486 880 quem?
566 803 851 859 Attumne
886 802 1173 859 Navium?
1255 803 1338 860 At
1366 802 1586 879 aliquot
1618 801 1783 859 annis
1817 802 1960 858 anti-

278 884 444 960 quior
476 882 757 939 Romulus
798 889 856 939 et
888 881 1120 953 RemuS,
1146 882 1317 939 ambo
1360 902 1618 958 augureS‚
1643 889 1710 939 ut
1743 882 1959 957 accepi-

274 982 418 1019 mus,
503 961 599 1017 An
628 962 953 1019 Pisidarum
983 969 1083 1019 aut
1113 961 1358 1019 Cilicum
1389 971 1488 1019 aut
1518 962 1818 1038 Phrygum
1848 962 1960 1017 ista

277 1043 508 1099 inventa
541 1041 832 1099 dicemus?
914 1042 1112 1098 Placet
1145 1042 1323 1118 igitur
1355 1042 1729 1099 humanitatis
1768 1060 1961 1118 exper-

275 1130 363 1179 tes
398 1121 603 1178 habere
638 1121 956 1178 divinitatis
998 1123 1294 1178 auctores?
1377 1122 1666 1179 XXXIX.
1753 1127 1845 1178 81.
1877 1121 1962 1178 At

277 1221 476 1258 omnes
496 1220 673 1277 reges,
689 1201 905 1278 populi,
928 1202 1189 1258 nationes
1211 1208 1451 1258 utuntur
1472 1201 1754 1279 auspiciis,
1815 1200 1962 1269 Qua-

277 1282 491 1338 sivero
535 1281 840 1358 quicquam
883 1282 958 1339 sit
994 1287 1115 1337 tam
1160 1281 1321 1337 valde
1365 1300 1534 1358 quam
1579 1281 1722 1338 nihil
1765 1300 1960 1358 sapere

278 1361 506 1437 vulgare
541 1368 639 1417 aut
668 1361 829 1437 quasi
856 1360 964 1417 tibi
994 1361 1106 1438 ipsi
1137 1361 1194 1416 in
1230 1361 1538 1417 iudicando
1572 1361 1792 1437 placeat
1819 1361 1962 1418 mul-

276 1441 501 1498 titudo!
586 1440 810 1509 Quotus
853 1441 1092 1518 quisque
1136 1447 1222 1497 est
1257 1441 1356 1518 qui
1389 1441 1744 1517 voluptatem
1789 1449 1961 1518 neget

277 1540 397 1577 esse
432 1521 686 1577 bonum?
768 1519 1033 1596 Plerique
1076 1520 1250 1577 etiam
1293 1540 1581 1577 summum
1617 1520 1834 1577 bonurn
1878 1521 1962 1577 di-

277 1608 430 1657 cunt.
518 1600 675 1656 Num
709 1600 887 1676 igitur
920 1620 1119 1657 eorum
1153 1600 1478 1677 frequentia
1511 1599 1691 1657 Stoici
1727 1601 1798 1658 de
1842 1620 1963 1657 sen-

277 1680 460 1738 tentia
501 1680 892 1738 deterrentur?
934 1688 1034 1738 aut
1076 1699 1214 1738 num
1249 1679 1535 1758 plerisque
1570 1681 1629 1738 in
1672 1680 1840 1738 rebus
1881 1699 1963 1738 sc-

279 1761 474 1837 quitur
500 1779 695 1817 eorum
726 1761 1126 1818 auctoritatem
1156 1761 1506 1818 multitudo?
1575 1761 1730 1830 Quid
1752 1762 1959 1818 mirum

276 1840 470 1917 igitur,
494 1840 541 1896 si
563 1841 622 1896 in
653 1841 919 1916 auspiciis
949 1842 1088 1898 etin
1121 1840 1280 1897 omni
1309 1841 1661 1898 divinatione
1691 1841 1963 1898 imbecilli

278 1920 456 1977 animi
498 1922 894 1995 superstitiosa
926 1921 1036 1977 ista
1076 1920 1422 1997 concipiant,
1444 1941 1641 1979 verum
1684 1922 1963 1997 dispicere

279 2019 395 2056 non
417 2000 681 2076 possint?
744 2006 834 2057 82.
867 2000 1025 2069 Quae
1055 2008 1248 2058 autem
1277 2009 1363 2058 est
1386 2001 1536 2058 inter
1563 2021 1805 2078 augures
1833 2022 1963 2059 con-

278 2081 511 2136 veniens
540 2087 597 2136 et
625 2080 932 2137 coniuncta
959 2081 1318 2137 constantia?
1399 2082 1499 2139 Ad
1528 2083 1710 2140 nostri
1738 2082 1964 2159 augurii

279 2159 752 2216 consuetudinem
783 2160 931 2217 dixit
958 2161 1214 2217 Ennius:

514 2281 641 2330 Cum
667 2281 825 2330 tonuit
847 2281 1041 2331 laevum
1065 2283 1191 2332 bene
1215 2291 1505 2345 tempestate
1529 2298 1716 2333 serena.

280 2393 365 2451 At
392 2393 736 2451 Homericus
763 2394 913 2451 Aiax
942 2395 1097 2469 apud
1125 2393 1412 2453 Achillem
1445 2414 1685 2472 querens
1720 2396 1791 2453 de
1819 2397 1967 2455 fero-

280 2473 453 2531 citate
480 2473 859 2531 Troianorum
886 2474 1080 2531 nescio
1111 2475 1251 2551 quid
1279 2475 1390 2533 hoc
1418 2476 1594 2533 modo
1621 2477 1883 2533 nuntiat:

501 2595 746 2658 Prospera
768 2594 990 2658 Iuppiter
1012 2595 1089 2644 his
1114 2595 1305 2645 dextris
1329 2596 1598 2657 fulgoribus
1622 2597 1741 2646 edit.

281 2706 372 2764 Ita
402 2705 570 2763 nobis
604 2706 833 2763 sinistra
860 2706 1144 2778 videntur,
1169 2706 1358 2765 Graiis
1391 2715 1450 2766 et
1482 2708 1734 2765 barbaris
1767 2708 1966 2766 dextra

279 2786 532 2843 meliora.
621 2785 983 2863 Quamquam
1027 2787 1181 2845 haud
1222 2788 1427 2863 ignoro
1471 2808 1615 2865 quae
1655 2788 1809 2845 bona
1851 2790 1966 2846 sint

280 2866 510 2923 sinistra
541 2885 647 2922 nos
681 2866 884 2937 dicere,
909 2867 1081 2923 etiam
1127 2868 1175 2923 si
1209 2869 1408 2925 dextra
1450 2870 1580 2926 sint.
1666 2868 1782 2925 Sed
1815 2877 1965 2927 certe

279 2946 462 3003 nostri
497 2945 790 3002 sinistrum
833 2946 1273 3004 nominaverunt
1305 2949 1637 3024 externique
1679 2949 1961 3020 dextrum,

281 3026 417 3104 quia
437 3025 772 3102 plerumque
793 3025 996 3082 melius
1019 3026 1081 3082 id
1102 3026 1418 3084 videbatur.
1491 3034 1581 3085 83.
1608 3028 1768 3085 Haec
1793 3048 1965 3106 quan-

283 3114 342 3163 ta
374 3105 652 3163 dissensio
687 3106 804 3161 est!
889 3104 1080 3173 Quid?
1124 3107 1280 3182 quod
1313 3106 1438 3163 aliis
1472 3108 1671 3164 avibus
1705 3115 1960 3178 utuntur,

279 3186 406 3244 aliis
441 3185 637 3262 signiS,
661 3185 825 3241 aliter
867 3184 1186 3257 observant,
1212 3186 1323 3245 alia
1362 3187 1746 3264 respondent?
1829 3188 1962 3244 Non
