2205 3431
671 477 759 542 M.
805 480 1099 542 TULLII
1156 477 1625 542 CICERONIS

857 627 1023 705 DE
1094 627 1445 743 FATo

596 797 829 847 LIBRI
874 797 1109 858 QUAE
1153 799 1706 850 MANSERUNT.

847 1029 1453 1080 ARGUMENTUM.

377 1128 490 1176 Hoc
511 1127 638 1174 libro
661 1126 734 1175 M.
757 1127 950 1175 Tullius
976 1128 1181 1188 exponit
1202 1143 1481 1177 sermonem
1504 1144 1534 1176 a
1556 1144 1610 1177 se
1631 1129 1856 1178 habitum
1880 1146 1992 1179 cum

313 1193 377 1242 A.
402 1193 569 1240 Hirtio
598 1192 797 1240 consule
825 1192 1080 1252 designato
1109 1208 1154 1241 a.
1176 1209 1221 1240 u.
1243 1208 1283 1241 c.
1308 1196 1417 1254 710,
1442 1210 1485 1242 a.
1508 1203 1625 1242 ante
1648 1195 1765 1244 Chr.
1783 1205 1885 1244 nat.
1908 1198 1986 1256 44,

313 1267 425 1321 post
453 1258 510 1306 C.
541 1257 767 1306 Caesaris
800 1257 1054 1305 interitum
1089 1258 1139 1304 in
1166 1258 1442 1306 Puteolano
1477 1259 1539 1306 de
1566 1259 1684 1320 fato,
1714 1268 1769 1308 ut
1796 1262 1838 1308 is
1872 1261 1995 1308 liber

314 1323 455 1386 quasi
484 1323 879 1384 supplementum
906 1332 1033 1370 esset
1056 1323 1208 1370 trium
1233 1323 1467 1371 librorum
1496 1324 1557 1371 de
1585 1333 1764 1372 natura
1791 1325 1994 1373 deorum

313 1399 365 1436 et
397 1389 607 1436 duorum
642 1387 878 1434 librorum
913 1387 975 1434 de
1010 1387 1326 1447 divinatione,
1357 1389 1487 1436 conf.
1514 1388 1597 1437 lib.
1628 1389 1687 1437 de
1714 1390 1867 1438 divin.
1893 1391 1988 1449 IL,

315 1469 421 1515 cap.
447 1457 490 1512 1,
515 1452 542 1510 ξ
569 1455 616 1512 3,
645 1460 694 1499 et
716 1451 809 1500 hac
836 1452 1166 1513 disputatione
1194 1461 1369 1501 contra
1393 1453 1720 1501 Posidonium
1748 1465 1987 1516 suscepta,

314 1519 640 1580 cuius‘ipsum
667 1516 960 1578 principium
993 1518 1232 1564 amissum
1265 1525 1354 1578 est,
1383 1518 1561 1566 docere
1587 1526 1807 1578 conatur,
1837 1520 1877 1566 si
1905 1520 1994 1566 fati

315 1583 505 1630 nullum
530 1590 657 1631 esset
680 1596 875 1642 nomen,
899 1581 1035 1629 nulla
1057 1591 1236 1630 natura
1256 1592 1306 1629 et
1328 1583 1418 1642 vis,
1441 1584 1482 1630 si
1501 1583 1640 1642 forte,
1662 1592 1861 1645 temere,
1879 1599 1993 1631 casu

316 1658 404 1696 aut
437 1648 669 1709 pleraque
706 1646 881 1695 fierent
917 1655 1005 1694 aut
1041 1647 1224 1706 omnia,
1261 1661 1361 1694 non
1394 1647 1536 1695 aliter
1568 1663 1626 1695 ac
1662 1662 1792 1695 nunc
1828 1651 1997 1697 omnia

317 1726 566 1773 eventura,
599 1712 720 1759 nihil
756 1712 906 1772 igitur
940 1711 1151 1760 attinere
1182 1712 1430 1761 inculcare
1462 1712 1634 1773 fatum,
1672 1728 1769 1775 quo
1804 1714 1997 1763 sublato

316 1780 441 1829 ratio
464 1793 623 1829 rerum
650 1778 872 1826 omnium
901 1778 967 1826 ad
989 1787 1219 1825 naturam
1244 1779 1556 1826 fortunamve
1583 1778 1861 1839 referretur,
1885 1794 1993 1841 cap.

320 1847 431 1903 1-3‚
462 1842 490 1902 ἓ
521 1846 632 1891 1-6.
704 1843 901 1890 Deinde
935 1843 1159 1905 sequitur
1187 1843 1454 1905 disputatio
1487 1859 1603 1891 cum
1630 1843 1907 1906 Chrysippo
1934 1846 1997 1892 de

319 1908 613 1968 contagione
641 1922 807 1959 rerum
835 1917 886 1954 et
912 1908 974 1955 de
1001 1917 1209 1956 naturae
1235 1908 1594 1969 coniunctione,
1622 1924 1771 1971 quam
1796 1909 1994 1972 συμπά-

319 1974 454 2022 θειαν
479 1980 685 2021 vocant:
725 1987 824 2034 qua
852 1973 1025 2021 Cicero
1053 1974 1199 2021 docet
1228 1973 1352 2020 effici
1380 1982 1435 2020 ut
1462 1973 1547 2021 alii
1573 1974 1638 2021 ad
1665 1975 1763 2021 alia
1789 1989 1997 2037 propen-

319 2039 470 2086 siores
503 2038 602 2086 sint
636 2037 698 2085 ob
726 2052 898 2085 causas
930 2038 1179 2086 naturales
1213 2046 1263 2085 et
1290 2054 1455 2086 rerum
1487 2039 1863 2098 antecessioneS‚
1898 2055 1994 2086 non

320 2119 435 2151 vero
464 2112 518 2152 ut
543 2102 853 2150 voluntatum
881 2112 1166 2151 nostrarum
1192 2112 1341 2164 atque
1367 2103 1725 2163 appetitionum
1749 2104 1870 2151 tales
1898 2105 1998 2151 sint

320 2183 511 2228 causae,
547 2183 652 2229 cap.
682 2169 796 2228 4-8,
836 2166 864 2224 ἓ
903 2170 1046 2216 7-16.
1120 2167 1234 2215 Iam
1271 2167 1336 2215 ad
1375 2167 1585 2215 Diodori
1624 2169 1732 2229 περὶ
1773 2165 1999 2216 δυνατῶν

321 2232 618 2282 sententiam
652 2247 703 2280 se
728 2232 874 2280 vertit
899 2231 1023 2280 nihil
1049 2247 1193 2295 posse
1218 2231 1325 2279 fieri
1359 2233 1603 2279 censentis
1636 2232 1730 2278 nisi
1758 2233 1890 2294 quod
1917 2248 1999 2280 ve·

319 2313 430 2345 rum
452 2306 538 2346 aut
560 2297 624 2345 sit
646 2305 734 2345 aut
755 2298 978 2361 futurum
1003 2298 1082 2359 sit,
1107 2312 1213 2359 cap.
1233 2298 1280 2355 9,
1307 2295 1334 2355 ξ
1362 2299 1537 2345 17-20.
1600 2297 1730 2344 Tum
1755 2297 1818 2344 ad
1843 2297 1999 2359 Chry-

321 2364 514 2425 sippum
539 2362 699 2425 pergit
720 2362 791 2410 ita
813 2362 1219 2411 ratiocinantem:
1253 2361 1293 2408 si
1318 2362 1381 2409 sit
1397 2370 1560 2409 motus
1585 2362 1689 2409 sine
1711 2376 1874 2422 causa,
1899 2378 1998 2410 non

320 2443 519 2476 omnem
557 2427 945 2476 enuntiationem
990 2437 1076 2476 aut
1115 2442 1282 2476 veram
1325 2437 1411 2474 aut
1454 2427 1629 2474 falsam
1674 2428 1808 2475 fore:
1861 2442 1993 2485 nam,

321 2493 453 2555 quod
474 2507 575 2542 non
603 2492 784 2540 habeat
813 2508 985 2540 causas
1013 2493 1293 2552 efficientes,
1316 2492 1369 2539 id
1391 2506 1483 2539 nec
1504 2507 1673 2539 verum
1702 2506 1792 2538 nec
1817 2492 1998 2539 falsum

322 2558 453 2606 fore:
482 2566 676 2608 motum
699 2557 848 2617 igitur
871 2557 977 2604 sine
1000 2572 1151 2605 causa
1173 2558 1362 2605 nullum
1385 2571 1506 2617 esse,
1531 2571 1631 2618 quo
1653 2556 1813 2617 posito
1835 2567 1998 2604 rerum

321 2622 737 2672 antecessionibus
773 2622 877 2669 fieri
915 2623 1112 2673 omnia:
1151 2623 1204 2671 id
1239 2623 1279 2669 si
1316 2623 1386 2670 ita
1421 2622 1499 2682 sit,
1532 2622 1636 2669 fato
1671 2621 1778 2669 fieri
1813 2622 1993 2669 omnia.

321 2689 407 2736 Ad
434 2689 558 2736 haec
587 2688 762 2736 Cicero
797 2688 1022 2735 concedit
1049 2687 1250 2750 quidem
1278 2694 1467 2735 motum
1502 2685 1692 2734 nullum
1720 2687 1824 2733 sine
1852 2702 2001 2733 causa

321 2768 428 2801 esse
456 2768 617 2814 neque
636 2767 753 2800 vero
782 2767 1122 2815 quaecumque
1144 2753 1266 2800 flant
1288 2752 1396 2800 fieri
1424 2751 1592 2800 omnia
1618 2751 1777 2799 causis
1805 2762 2000 2798 antece-

322 2818 562 2867 dentibus,
606 2817 607 2820 ’
632 2817 921 2865 Voluntatis
944 2817 1078 2865 enim
1101 2826 1299 2865 nostrae
1322 2832 1423 2865 non
1446 2831 1553 2864 esse
1574 2831 1746 2864 causas
1771 2826 2001 2864 externas

322 2892 373 2932 et
395 2882 757 2943 antecedenteS,
783 2897 890 2944 cap.
913 2885 1089 2941 10-12,
1116 2881 1142 2939 §
1169 2885 1346 2931 21-29.
1417 2882 1519 2930 Hic
1545 2882 1742 2929 disserit
1765 2882 1915 2929 etiam
1940 2881 2001 2928 de

321 2948 503 3007 ignava.
529 2948 736 3008 ratione,
761 2948 814 2994 id
841 2954 915 2994 est
941 2947 1003 2995 de
1031 2946 1171 3009 ἀργῷ
1195 2946 1347 3008 λόγῳ,
1371 2962 1468 3009 qua
1494 2946 1711 2994 admissa
1743 2961 1937 2994 omnem
1974 2961 2001 2993 e

322 3014 427 3061 vita
452 3013 559 3072 tolli
585 3012 831 3061 actionem
858 3011 1064 3059 liberam
1093 3010 1236 3058 docet
1260 3011 1520 3074 Chrysippi
1549 3020 1600 3059 et
1628 3011 1897 3060 Carneadis
1927 3026 2001 3056 ra-

323 3079 482 3126 tiones
505 3091 728 3139 sequens,
751 3092 856 3137 cap.
880 3078 1057 3137 13-16,
1083 3074 1111 3131 §
1136 3078 1312 3124 30-38.
1385 3076 1616 3139 Denique
1639 3091 1753 3123 cum
1776 3076 1903 3123 duae
1926 3076 2001 3122 fu-

323 3142 476 3191 issent
515 3152 731 3190 veterum
771 3140 1174 3202 philosophorum
1220 3140 1507 3199 sententiae,
1547 3155 1646 3187 una
1689 3155 1878 3200 eorum,
1917 3140 2001 3201 qui

2033 3251 2094 3309 i
