2205 3431
549 114 686 163 LlB.
721 115 814 175 11.,
841 115 994 163 CAP.
1021 112 1630 175 xv11.-Xx.,§39-45.
1830 117 1921 164 211

246 236 320 274 ne
351 215 716 294 perspicuum
751 223 838 273 est
871 235 940 273 ex
973 216 1162 293 prima
1193 215 1571 273 admiratione
1604 215 1923 288 hominum,

247 297 405 374 quod
431 297 687 354 tonitrua
712 297 1007 373 iactusque
1035 295 1347 353 fulminum
1378 295 1790 366 extimuissent‚
1815 315 1927 353 cre-

246 376 459 433 didisse
494 396 561 433 ea
593 376 810 434 efficere
844 396 1032 433 rerum
1075 376 1336 433 omnium
1370 381 1805 452 praepotentem
1840 375 1929 433 Io-

248 457 408 513 vem?
490 452 692 532 Itaqu‘e
727 457 786 513 in
818 456 1029 513 nostris
1061 456 1489 514 commentariis
1523 455 1799 532 scriptum
1832 455 1928 512 ha-

245 535 475 593 bemus:
541 537 576 563 “
595 536 732 594 Iove
779 543 1017 594 tonante
1065 536 1394 612 fulgurante
1442 535 1679 593 comitia
1725 536 1928 612 populi

245 615 453 672 habere
483 615 698 673 nefas.’'
784 621 876 673 43.
922 616 1054 673 Hoc
1088 616 1330 673 fortasse
1359 616 1441 673 rei
1469 615 1731 691 publicae
1759 635 1929 672 causa

243 695 625 752 constitutum
667 703 768 753 est.
854 695 1240 754 Comitiorum
1282 696 1436 753 enim
1477 715 1595 752 non
1641 694 1929 752 habendo-

245 794 373 831 rum
407 795 602 833 causas
634 795 756 833 esse
790 775 1107 833 voluerunt.
1194 776 1394 852 Itaque
1429 775 1795 832 comitiorum
1839 794 1929 831 so-

243 853 364 910 lum
412 855 618 912 vitium
666 862 754 913 est
800 855 1038 926 fulmen,
1065 855 1223 933 quod
1268 856 1422 912 idem
1465 855 1733 926 omnibus
1760 854 1928 912 rebus

243 933 531 1010 optimum
557 935 877 1012 auspicium
898 935 1190 1007 habemuS,
1216 936 1262 992 si
1292 936 1586 992 sinistrum
1613 935 1742 993 fuit.
1812 934 1928 992 Sed

242 1013 316 1070 de
365 1015 631 1090 auspiciis
675 1015 787 1072 alio
829 1015 974 1087 loce,
1014 1035 1167 1072 nunc
1213 1015 1285 1073 de
1328 1015 1669 1091 fulguribus,
1755 1013 1922 1072 XIX.

241 1092 399 1161 Quid
428 1094 607 1171 igitur
638 1095 829 1152 minus
862 1115 896 1152 a
922 1095 1178 1172 physicis
1211 1095 1326 1152 dici
1359 1095 1533 1152 debet
1567 1115 1737 1172 quam
1773 1096 1927 1172 quic-

242 1193 415 1250 quam
451 1174 589 1231 certi
620 1174 927 1251 significari
959 1175 1128 1232 rebus
1160 1175 1429 1233 incertis?
1510 1174 1645 1231 Non
1681 1175 1834 1232 enim
1868 1182 1927 1232 te

242 1261 388 1330 puto
422 1273 542 1311 esse
576 1274 723 1326 611111,
750 1255 850 1332 qui
884 1253 1010 1312 Iovi
1043 1254 1264 1312 fulmen
1300 1255 1611 1312 fabricatos
1653 1274 1774 1313 esse
1816 1253 1927 1331 Cy-

240 1333 438 1409 clopas
459 1333 519 1389 in
550 1332 740 1391 Aetna
761 1341 944 1412 put-es,
1029 1339 1125 1393 44.
1162 1334 1315 1391 Nam
1343 1341 1490 1392 esset
1510 1333 1784 1405 mirabile,
1812 1354 1926 1411 quo

241 1414 419 1470 modo
450 1413 512 1470 id
533 1413 795 1491 Iuppiter
815 1414 1029 1471 totiens
1048 1414 1274 1485 iaceret,
1298 1434 1431 1471 cum
1453 1434 1633 1471 unum
1654 1413 1923 1472 haberet:

242 1511 348 1550 nec
376 1513 510 1550 vero
540 1493 880 1551 fulminibus
900 1493 1164 1551 homines
1194 1494 1333 1570 quid
1361 1501 1460 1551 aut
1487 1494 1818 1551 faciendum
1846 1514 1927 1552 es-

241 1579 330 1629 set
358 1580 458 1630 aut
485 1574 800 1631 cavendum
829 1580 1104 1631 moneret.
1188 1573 1388 1631 Placet
1416 1573 1568 1631 enim
1591 1573 1801 1631 Stoicis
1829 1593 1926 1632 eos

242 1651 528 1710 anhelitus
568 1660 767 1724 terrae,
800 1654 899 1731 qui
933 1653 1135 1730 frigidi
1177 1653 1309 1725 sint,
1342 1673 1472 1711 cum
1514 1653 1688 1710 fluere
1730 1673 1927 1732 coepe-

241 1734 376 1804 rint,
401 1741 603 1791 ventos
637 1752 790 1792 esse:
835 1754 966 1791 cum
993 1741 1189 1792 autem
1218 1754 1276 1792 se
1304 1735 1363 1791 in
1393 1733 1607 1791 nubem
1637 1734 1927 1792 induerint

240 1813 476 1890 eiusque
514 1814 908 1871 tenuissimam
943 1833 1229 1891 quamque
1263 1821 1485 1892 partem
1519 1815 1812 1891 coeperint
1844 1815 1927 1871 di-

241 1892 435 1950 videre
468 1900 639 1971 atque
673 1894 1025 1970 disrumpere
1057 1894 1232 1971 idque
1262 1894 1510 1952 crebrius
1537 1895 1723 1952 facere
1752 1902 1810 1952 et
1839 1914 1927 1952 ve-

241 1972 583 2044 hementiuS,
599 1980 725 2031 tum
744 1980 803 2031 et
819 1974 1074 2051 fulgores
1093 1982 1151 2032 et
1169 1975 1424 2032 tonitrua.
1441 1975 1731 2032 exsistere:
1767 1976 1815 2032 si
1834 1994 1928 2032 au-

241 2060 363 2109 tem
391 2052 633 2110 nubium
661 2053 931 2111 conflictu
960 2054 1130 2111 ardor
1158 2074 1455 2130 expressus
1485 2075 1544 2112 se
1573 2056 1841 2127 emiserit,
1864 2056 1926 2113 id

241 2152 365 2189 esse
398 2133 634 2190 fulmen.
713 2132 884 2201 Quod
911 2134 1090 2209 igitur
1117 2134 1175 2191 vi
1202 2140 1454 2205 naturae,
1485 2134 1641 2191 nulla
1669 2143 1928 2192 constan-

242 2213 341 2283 tia,
366 2212 524 2269 nullo
552 2220 677 2269 rato
699 2220 961 2289 tempore
990 2213 1250 2270 videmus
1278 2213 1441 2283 effici,
1466 2232 1536 2270 ex
1559 2233 1626 2271 eo
1650 2214 1928 2290 significa-

243 2293 464 2349 tionem
507 2312 695 2349 rerum
729 2294 1204 2368 consequentium
1239 2293 1597 2371 quaerimus?
1678 2293 1924 2364 Scilicet,

242 2372 294 2428 si
323 2372 432 2429 ista
464 2372 725 2448 Iuppiter
753 2371 1116 2448 significaret,
1140 2380 1261 2430 tam
1288 2373 1472 2430 multa
1498 2373 1711 2430 frustra
1737 2373 1929 2430 fulmi-

243 2471 320 2508 na
347 2453 664 2509 emitteret!
749 2457 842 2509 45.
880 2451 1035 2520 Quid
1063 2453 1217 2509 enim
1240 2452 1483 2530 proficit,
1508 2453 1724 2509 cumin
1751 2454 1929 2510 medi-

244 2551 345 2587 um
372 2551 526 2588 mare
554 2531 776 2588 fulmen
805 2532 974 2589 iecit?
1017 2532 1173 2609 quid,
1199 2533 1411 2590 cumin
1441 2532 1748 2589 altissimos
1770 2552 1930 2589 mon-

243 2618 347 2680 teS,
373 2612 528 2687 quod
561 2612 896 2688 plerumque
929 2610 1031 2670 fit?
1074 2612 1231 2689 quid,
1256 2632 1388 2670 cum
1421 2612 1482 2667 in
1517 2612 1766 2669 desertas
1801 2611 1930 2668 soli-

243 2691 510 2748 tudines?
552 2691 688 2768 quid
720 2711 851 2748 cum
873 2691 933 2747 in
956 2711 1151 2749 earum
1172 2693 1433 2769 gentium
1463 2711 1605 2761 oraS‚
1635 2691 1695 2747 in
1722 2691 1928 2767 quibus

243 2770 384 2827 haec
405 2790 476 2828 ne
507 2771 877 2828 observantur
900 2772 1171 2848 quidem?
1244 2771 1380 2829 XX.
1417 2772 1502 2829 At
1523 2772 1820 2828 inventum
1844 2780 1927 2827 est

241 2857 417 2927 caput
449 2850 509 2907 in
538 2850 748 2908 Tiberi.
834 2850 1011 2919 Quasi
1045 2870 1154 2928 ego
1188 2859 1369 2909 artem
1402 2852 1650 2928 aliquam
1684 2851 1927 2907 istorum

240 2949 365 2987 esse
397 2931 637 3006 negem!
720 2930 1154 2988 Divinationem
1186 2950 1352 3007 nego,
1438 2930 1596 2988 Caeli
1630 2930 1783 2987 enim
1819 2930 1928 2987 dis-

241 3010 500 3081 tributiO,
536 3030 710 3087 quam
743 3018 875 3067 ante
911 3011 1046 3079 dixi,
1077 3018 1138 3068 et
1170 3018 1449 3068 certarum
1482 3030 1670 3067 rerum
1703 3010 1927 3067 notatio

241 3090 414 3146 docet
434 3090 587 3147 unde
609 3090 830 3147 fulmen
853 3091 1086 3161 venerit,
1111 3110 1224 3167 quo
1247 3090 1618 3148 concesserit:
1655 3089 1796 3166 quid
1820 3090 1927 3166 sig-

241 3169 439 3226 nificet
466 3181 657 3227 autem
687 3169 843 3227 nulla
869 3171 1016 3228 ratio
1045 3171 1230 3228 docet
1315 3169 1431 3228 Sed
1459 3188 1627 3245 urges
1658 3188 1751 3226 me
1784 3171 1927 3227 meis

242 3249 530 3305 versibus:
