2205 3431
517 120 1660 184 L1B.1.‚CA1’.XL11.—XL1V.‚§94-100.
1721 108 1727 113 '
1840 126 1929 172 181

254 241 319 279 eo
347 220 728 278 animadversi
761 220 936 297 globi.
1021 220 1232 279 Delata
1260 221 1435 278 etiam
1464 222 1539 278 ad
1572 228 1831 279 senatum
1861 222 1936 278 la-

253 301 350 358 bes
394 301 519 378 agri
562 300 926 372 PrivernatiS,
958 320 1091 357 cum
1136 301 1212 358 ad
1251 301 1535 359 infinitam
1570 301 1934 359 altitudinem

253 388 400 438 terra
456 380 769 438 desedisset
820 379 1150 457 Apuliaque
1211 381 1478 438 maximis
1534 388 1714 439 terrae
1768 383 1937 439 mot-i-

253 462 357 518 bus
398 467 774 537 conquassata
815 467 978 531 esset,
1022 461 1230 537 quibus
1271 462 1554 537 portentis
1587 480 1796 538 magna
1836 481 1937 538 po-

252 540 387 617 pulo
417 539 682 597 Romano
710 540 859 597 bella
885 540 1349 618 perniciosaeque
1378 541 1689 599 seditiones
1722 542 1938 598 denun-

252 620 556 677 tiabantur.
636 620 818 697 Inque
846 619 938 676 his
971 620 1241 678 omnibus
1269 640 1541 698 responsa
1567 620 1934 697 haruspicum

253 720 383 758 cum
453 699 705 776 Sibyllae
759 699 1016 757 versibus
1071 701 1479 777 congruebant.
1594 706 1686 758 98.
1746 701 1937 769 Quid?

253 800 382 839 cum
417 779 619 838 Cumis
647 779 863 856 Apollo
893 779 1137 850 sudavit,
1168 781 1399 857 Capuae
1423 781 1716 838 Victoria?
1759 781 1937 858 quid?

254 868 412 918 ortus
457 860 782 936 androgyni
826 879 1019 917 nonne
1060 860 1237 918 fatale
1279 860 1571 938 quoddam
1613 868 1937 918 monstrum

252 941 404 998 fuit?
461 941 638 1017 quid?
685 959 818 996 cum
866 939 1074 998 fluvius
1123 939 1365 998 Atratus
1413 941 1690 1017 sanguine
1733 940 1937 999 fluxit?

254 1020 430 1096 quid?
472 1039 605 1077 cum
634 1039 802 1097 saepe
830 1019 1106 1096 lapidum,
1132 1020 1426 1096 sanguinis
1454 1040 1572 1077 non
1602 1039 1934 1096 numquam,

253 1108 432 1157 terrae
481 1099 790 1169 interdum,
833 1101 1123 1177 quondam
1175 1101 1349 1158 etiam
1399 1099 1563 1157 lactis
1611 1099 1797 1157 imber
1844 1101 1938 1161 de·

253 1178 457 1237 fiuxit?
507 1179 683 1256 quid?
731 1199 863 1236 cum
908 1180 968 1236 in
1014 1180 1305 1256 Capitolio
1349 1180 1499 1236 ictus
1544 1179 1864 1237 Centaurus
1906 1199 1937 1237 e

254 1259 410 1316 caelo
451 1267 553 1328 est,
598 1262 660 1315 in
701 1258 995 1317 Aventino
1041 1267 1241 1336 portae
1286 1267 1344 1318 et
1388 1259 1667 1330 homineS,
1704 1259 1936 1317 Tusculi

253 1338 421 1395 aedes
489 1338 744 1395 Castoris
813 1346 873 1396 et
940 1339 1196 1396 Pollucis
1257 1339 1589 1416 Romaeque
1658 1339 1937 1397 Pietatis?

256 1417 463 1475 Nonne
504 1424 562 1475 et
606 1417 935 1494 haruspices
979 1438 1045 1476 ea
1085 1419 1520 1495 responderunt,
1553 1438 1697 1496 quae
1742 1438 1938 1475 evene-

255 1505 403 1568 runt,
435 1504 493 1555 et
530 1498 590 1554 in
625 1497 876 1573 Sibyllae
914 1498 1073 1555 libris
1114 1498 1345 1555 eaedem
1388 1505 1644 1574 repertae
1686 1498 1938 1574 praedic-

253 1578 442 1635 tiones
471 1579 640 1635 sunt?
714 1577 928 1635 XLIV.
1003 1584 1095 1634 99.
1128 1577 1408 1635 Caeciliae
1437 1577 1503 1645 Q.
1527 1577 1675 1634 filiae
1710 1579 1935 1633 somnio

253 1659 430 1715 modo
470 1657 712 1713 Marsico
756 1657 908 1714 bello
949 1657 1230 1735 templum
1277 1664 1363 1714 est
1406 1677 1441 1714 a
1486 1664 1685 1714 senatu
1729 1656 1936 1714 Iunoni

252 1739 516 1815 Sospitae
565 1738 910 1796 restitutum.
997 1737 1168 1805 Quod
1224 1738 1456 1814 quidem
1508 1738 1796 1794 somnium
1853 1737 1937 1794 Si-

253 1838 431 1875 senna
463 1837 593 1874 cum
629 1817 1037 1894 disputavisset
1069 1816 1308 1874 mirifice
1342 1818 1416 1880 ad
1449 1818 1685 1875 verbum
1716 1837 1848 1874 cum
1877 1837 1937 1875 re

251 1898 602 1965 convenisse,
632 1903 758 1953 tum
792 1897 1116 1968 insolenter,
1140 1897 1312 1954 credo
1340 1897 1412 1954 ab
1443 1898 1715 1974 Epicurio
1745 1898 1935 1974 aliquo

251 1978 538 2048 inductuS,
560 1977 819 2052 disputat
844 1977 1084 2034 somniis
1106 1977 1260 2034 credi
1288 1996 1404 2034 non
1436 1986 1712 2054 oportere.
1774 1978 1936 2035 Idem

252 2064 454 2114 contra
487 2063 714 2113 ostenta
745 2055 890 2112 nihil
924 2056 1182 2132 disputat
1216 2058 1567 2134 exponitque
1600 2058 1768 2115 initio
1802 2058 1937 2115 belli

253 2137 476 2194 Marsici
510 2143 569 2193 et
597 2137 832 2193 deorum
864 2135 1165 2194 simulacra
1191 2137 1480 2193 sudavisse
1509 2143 1567 2194 et
1601 2138 1934 2214 sanguinem

252 2216 484 2274 fluxisse
518 2222 576 2273 et
619 2215 942 2273 discessisse
975 2216 1195 2273 caelum
1238 2223 1297 2273 et
1342 2236 1412 2273 ex
1455 2217 1679 2274 occulto
1714 2217 1937 2274 auditas

251 2316 375 2353 esse
405 2315 588 2366 voceS‚
621 2314 764 2372 quae
792 2295 1044 2371 pericula
1075 2295 1212 2353 belli
1240 2297 1586 2367 nuntiarent,
1611 2302 1670 2353 et
1696 2295 1937 2353 Lanuvii

251 2376 486 2453 clipeOS,
513 2376 670 2453 quod
703 2375 1100 2452 haruspicibus
1132 2376 1526 2432 tristissimum
1554 2376 1742 2432 visum
1771 2384 1933 2447 esset,

251 2476 290 2513 a
330 2455 588 2513 muribus
628 2474 749 2513 esse
790 2456 1040 2514 derosOS.
1130 2460 1261 2513 100.
1306 2454 1500 2523 Quid?
1545 2455 1702 2532 quod
1740 2456 1803 2512 in
1843 2474 1939 2511 an-

251 2535 479 2593 nalibus
518 2535 794 2593 habemus
836 2534 1073 2593 Veienti
1113 2534 1281 2605 bello,
1305 2554 1437 2592 cum
1479 2535 1635 2593 lacus
1674 2534 1938 2592 Albanus

251 2622 479 2692 praeter
503 2615 744 2672 modum
771 2614 1055 2686 crevisset,
1076 2614 1383 2673 Veientem
1413 2615 1698 2692 quendam
1731 2615 1806 2671 ad
1832 2633 1939 2671 nos

252 2695 548 2752 hominem
591 2695 845 2753 nobilem
878 2694 1204 2771 profugisse
1233 2713 1477 2771 eumque
1512 2694 1721 2751 dixisse
1755 2713 1824 2751 ex
1857 2694 1939 2750 fa-

251 2775 348 2845 tis,
374 2794 517 2851 quae
550 2776 824 2834 Veientes
864 2777 1076 2852 scripta
1116 2774 1408 2845 haberent,
1432 2774 1611 2832 Veios
1652 2775 1781 2851 capi
1821 2793 1937 2830 non

252 2874 442 2932 posse,
473 2856 612 2912 dum
654 2855 809 2912 lacus
842 2855 892 2911 is
926 2854 1284 2926 redundaret,
1316 2864 1391 2924 et,
1422 2854 1470 2911 si
1511 2854 1667 2912 lacus
1700 2854 1939 2912 emissus

252 2936 420 3012 lapsu
448 2942 508 2993 et
535 2955 701 2992 cursu
732 2955 834 2992 suo
864 2934 938 2992 ad
964 2954 1121 2992 mare
1149 2934 1528 3011 profluxisset,
1555 2934 1939 3011 perniciosum

252 3015 476 3092 populo
510 3015 807 3073 Romano:
853 3020 941 3073 sin
975 3022 1168 3073 autem
1203 3014 1286 3072 ita
1314 3023 1461 3072 esset
1494 3015 1748 3085 eductuS,
1773 3021 1840 3071 ut
1867 3014 1941 3070 ad

254 3115 413 3153 mare
442 3096 735 3172 pervenire
757 3115 872 3152 non
903 3102 1113 3172 posset,
1137 3102 1264 3152 tum
1295 3095 1535 3152 salutare
1558 3096 1768 3152 nostris
1795 3094 1937 3151 fore.

151 3241 158 3247 ‚
251 3177 347 3236 Ex
382 3196 496 3253 quo
531 3174 630 3231 illa
669 3174 1021 3231 admirabilis
1061 3195 1097 3232 a
1131 3174 1441 3231 maioribus
1470 3174 1728 3232 Albanae
1762 3191 1940 3249 aquae

432 3259 492 3302 15
