2205 3431
209 79 274 124 50
600 94 603 97 ·
656 73 756 120 DE
789 72 1090 122 NATURA
1123 72 1445 122 DEORUM.

208 176 371 253 equis
401 193 656 251 pugnare
686 174 792 230 visi
821 182 955 231 sunt
984 181 1042 231 et
1071 175 1384 232 recentiore
1413 175 1691 231 memoria
1720 173 1900 230 iidem

207 254 573 332 Tyndaridae
617 253 828 310 Persen
867 254 1085 309 victum
1124 254 1551 312 nuntiaverunt.
1641 256 1718 314 P..
1739 257 1897 313 enim

209 334 495 402 VatiniuS,
522 352 661 389 avus
688 332 859 389 huius
893 332 1288 403 adulescentiS,
1313 352 1442 390 cum
1480 353 1510 390 e
1539 332 1901 409 praefectura

208 415 451 472 Reatina
469 413 714 470 Romam
733 412 983 469 venienti
1002 420 1177 470 noctu
1200 413 1317 470 duo
1339 414 1569 470 iuvenes
1587 432 1714 470 cum
1737 413 1902 488 equis

209 494 353 552 albis
382 494 661 551 dixissent
689 511 883 569 regem
912 492 1126 549 Persen
1151 492 1248 549 illo
1279 492 1371 549 die
1400 500 1651 569 captum,
1675 493 1900 549 senatui

209 576 513 646 nuntiavit,
539 582 596 631 et
618 572 804 649 primo
829 573 989 649 quasi
1011 579 1225 629 temere
1248 572 1318 629 de
1343 592 1400 629 re
1423 572 1653 649 publica
1674 572 1901 629 locutus

209 655 271 712 in
299 672 578 711 carcerem
609 652 901 709 coniectus
931 659 1032 722 est,
1053 659 1188 729 post
1216 672 1250 709 a
1277 652 1481 709 Paullo
1510 653 1716 709 litteris
1749 652 1900 708 adla-

209 735 302 805 tis,
317 753 447 791 cum
470 732 623 790 idem
647 732 769 789 dies
799 732 1165 803 constitisset,
1187 740 1245 789 et
1266 753 1404 810 agro
1433 752 1468 790 a
1501 741 1700 789 senatu
1730 743 1787 789 et
1810 753 1900 788 va·

211 814 435 871 catione
457 813 704 870 donatus
723 820 823 869 est.
888 813 1086 888 Atque
1110 813 1283 869 etiam
1303 833 1430 870 cum
1453 813 1526 870 ad
1544 812 1780 869 fiuvium
1803 812 1900 868 Sa·

210 913 373 971 gram
406 893 772 951 Crotoniatas
800 892 966 950 Locri
997 893 1251 950 maximo
1282 893 1502 969 proelio
1537 893 1897 963 devicissent,

211 993 280 1031 eo
302 974 428 1050 ipso
452 974 544 1030 die
566 973 822 1030 auditam
847 992 967 1030 esse
991 991 1118 1030 eam
1141 992 1398 1050 pugnam
1420 973 1571 1030 ludis
1593 973 1901 1050 Olympiae

211 1054 519 1111 memoriae
549 1053 844 1130 proditum
874 1060 976 1111 est.
1055 1053 1237 1130 Saepe
1266 1053 1590 1111 Faunorum
1615 1072 1781 1110 voces
1809 1072 1902 1110 ex-

212 1134 456 1205 auditae,
477 1153 644 1210 saepe
665 1134 817 1191 visae
846 1134 1067 1193 formae
1096 1134 1335 1191 deorum
1368 1134 1626 1210 quemvis
1654 1152 1770 1190 non
1800 1139 1901 1189 aut

211 1214 476 1271 hebetem
517 1220 616 1270 aut
655 1214 899 1291 impium
939 1214 1078 1271 deos
1116 1223 1441 1291 praesentes
1479 1233 1599 1271 esse
1642 1212 1900 1270 confiteri

214 1301 542 1370 coegerunt.
629 1294 736 1351 ΙΙΙ.
792 1294 842 1352 7.
876 1294 1468 1351 Praedictiones-vcro
1503 1301 1560 1351 et
1593 1293 1901 1370 praesensi-

217 1394 353 1431 ones
388 1393 573 1430 rerum
610 1374 932 1431 futurarum
969 1374 1111 1450 quid
1145 1374 1302 1432 aliud
1335 1374 1623 1431 declarant
1655 1373 1769 1430 nisi
1801 1372 1901 1429 ho-

216 1453 468 1510 minibus
503 1473 568 1510 ea
603 1448 772 1531 [quae
808 1452 947 1532 sint]
986 1455 1231 1526 ostendi,
1263 1455 1586 1525 monstrari,
1611 1453 1899 1531 portendi,

215 1533 503 1609 praedici?
545 1554 613 1591 ex
645 1554 757 1611 quo
786 1535 884 1591 illa
914 1541 1155 1605 ostenta,
1177 1542 1448 1605 monstra,
1470 1541 1754 1611 portenta,
1774 1553 1903 1611 pro-

217 1614 374 1690 digia
395 1615 679 1671 dicuntur.
758 1615 928 1684 Quod
951 1616 997 1671 si
1021 1635 1088 1672 ea
1109 1615 1243 1672 ficta
1265 1615 1550 1672 credimus
1571 1614 1801 1671 licentia
1821 1613 1902 1670 fa-

215 1693 494 1765 bularum,
526 1694 813 1771 Mopsum,
837 1694 1133 1767 Tiresiam,
1160 1695 1598 1773 Amphiaraum,
1631 1694 1903 1753 Calchan-

216 1783 352 1847 tem,
378 1776 684 1847 Helenum,
710 1796 854 1853 quos
881 1785 1074 1834 tamen
1107 1796 1349 1853 augures
1382 1796 1454 1833 ne
1482 1777 1639 1853 ipsae
1669 1776 1900 1853 quidem

217 1855 444 1912 fabulae
478 1856 823 1927 ascivissent,
849 1857 896 1913 si
929 1877 1018 1914 res
1053 1858 1292 1914 omnino
1325 1858 1668 1933 repudiaret,
1699 1876 1772 1912 ne
1806 1856 1903 1911 do-

217 1935 470 1992 mesticis
499 1936 730 2012 quidem
762 1937 1036 2013 exemplis
1067 1937 1224 1994 docti
1247 1956 1461 1994 numen
1485 1937 1721 1994 deorum
1753 1955 1903 1993 eom-

218 2014 626 2093 probabimusss
709 2016 868 2073 Nihil
901 2037 1004 2074 nos
1035 2017 1100 2075 P.
1125 2017 1353 2074 Claudii
1375 2016 1525 2074 bello
1548 2017 1771 2074 Punico
1795 2016 1903 2092 pri-

219 2115 316 2152 mo
340 2096 629 2153 temeritas
657 2097 927 2168 movebit,
946 2098 1045 2174 qui
1075 2097 1249 2155 etiam
1273 2117 1377 2174 per
1395 2098 1588 2155 iocum
1619 2097 1757 2154 deos
1786 2096 1904 2153 irri-

221 2176 377 2246 denS,
395 2195 526 2233 eum
556 2195 726 2233 cavea
754 2176 977 2235 liberati
999 2176 1144 2254 pulli
1173 2197 1291 2234 non
1320 2186 1701 2255 pascerentur,
1721 2176 1902 2252 mergi

221 2275 318 2313 eos
351 2257 410 2313 in
445 2276 652 2333 aquam
686 2257 866 2327 iussit,
901 2264 965 2314 ut
997 2257 1276 2329 biberent,
1310 2258 1581 2335 quoniam
1625 2277 1745 2314 esse
1786 2255 1904 2313 nol·

220 2335 375 2393 lent?
457 2335 571 2404 Qui
604 2337 750 2393 risus
783 2337 958 2394 classe
993 2338 1219 2395 devicta
1250 2338 1461 2394 multas
1488 2338 1599 2414 ipsi
1628 2337 1902 2407 lacrimaS,

221 2436 489 2493 magnam
511 2416 728 2493 populo
751 2416 1016 2475 Romano
1039 2417 1260 2476 cladem
1282 2417 1492 2475 attulit.
1570 2417 1758 2486 Quid?
1797 2415 1905 2473 col-

221 2496 348 2573 lega
376 2496 497 2554 eius
532 2496 732 2554 Iunius
761 2497 965 2555 eodem
994 2498 1146 2555 bello
1181 2518 1373 2555 nonne
1395 2505 1738 2575 tempestate
1771 2496 1905 2554 clas-

222 2596 339 2633 sem
359 2577 567 2648 amisit,
585 2597 716 2634 cum
736 2578 1005 2655 auspiciis
1022 2598 1139 2635 non
1155 2579 1469 2656 paruisset?
1523 2578 1725 2655 Itaque
1744 2577 1904 2634 Clau-

222 2656 351 2713 dius
368 2676 402 2713 a
418 2657 634 2734 populo
658 2658 1073 2715 condemnatus
1095 2667 1197 2727 est,
1216 2659 1416 2716 Iunius
1437 2677 1634 2716 necem
1658 2658 1767 2714 sibi
1786 2657 1905 2734 ipse

223 2737 515 2795 conscivit.
596 2745 647 2795 8.
686 2738 750 2795 C.
773 2738 1120 2796 Flaminium
1144 2738 1370 2796 Caelius
1392 2739 1667 2815 religione
1690 2738 1905 2815 neglecss

221 2823 281 2873 ta
298 2817 566 2875 cecidisse
585 2819 740 2895 apud
757 2818 1214 2876 Trasumennum
1231 2818 1428 2876 scribit
1443 2838 1573 2876 cum
1597 2837 1807 2895 magno
1825 2817 1904 2874 rei

221 2896 484 2973 publicae
507 2898 753 2956 vulnere.
839 2898 1097 2967 Quorum
1128 2900 1305 2956 exitio
1328 2899 1582 2976 intellegi
1605 2904 1797 2975 potest
1820 2917 1905 2954 eo-

222 2996 347 3033 rum
371 2978 628 3053 imperiis
656 2997 777 3035 rem
801 2978 1089 3054 publicam
1120 2977 1542 3055 amplificatam,
1565 2980 1664 3055 qui
1687 2977 1906 3054 religio-

222 3057 392 3112 nibus
409 3057 744 3133 paruissent.
824 3057 915 3128 Et,
934 3059 979 3113 si
999 3058 1257 3115 conferre
1277 3058 1539 3114 volumus
1560 3065 1757 3114 nostra
1777 3076 1906 3114 cum

224 3137 489 3205 externiS,
513 3136 715 3193 ceteris
749 3136 917 3193 rebus
951 3145 1049 3194 aut
1078 3156 1243 3214 pares
1274 3144 1375 3194 aut
1404 3138 1578 3194 etiam
1609 3138 1906 3194 inferiores
