2205 3431
224 119 314 164 1⁴6
739 118 837 165 DE
871 117 1373 166 DIVINATIONE.

217 216 451 264 citatione
485 216 700 278 quadam
735 215 890 263 animi
923 224 1010 263 aut
1042 216 1209 264 animo
1243 232 1275 263 a
1307 215 1437 264 curis
1464 232 1619 264 vacuo
1644 216 1901 279 liberoque

217 281 566 343 praesentiant.
642 282 755 328 Huc
790 281 940 340 igitur
966 281 1247 329 referendas
1280 296 1388 329 esse
1422 281 1778 343 praedictiones
1811 298 1902 345 per

215 348 428 405 oracula,
446 363 552 409 cap.
584 349 662 405 18,
688 350 762 406 19,
793 344 821 404 ἓ
847 347 1130 408 36-41,pe1·
1163 347 1370 407 somnia,
1394 362 1499 407 cap.
1531 350 1711 406 20-30,
1742 346 1769 407 §
1800 350 1902 395 42-

215 417 294 472 (55,
316 413 536 475 itemque
556 412 930 459 vaticinationes
953 412 1240 471 furentium,
1266 428 1373 473 cap.
1404 414 1485 470 31,
1507 410 1534 469 ἓ
1560 414 1737 461 65-67.
1790 414 1901 461 Ex-

214 489 401 525 tremae
442 478 554 525 huic
594 476 916 539 disputationi
956 476 1221 539 Chrysippi
1257 478 1622 536 argumentatio
1661 478 1893 541 adicitur,

214 544 335 592 haec
355 543 607 591 divinandi
631 557 812 603 genera
830 556 943 589 vera
960 556 1067 589 esse
1085 543 1365 601 statuenti3‚
1386 556 1493 603 cap.
1514 545 1593 603 32,
1619 541 1647 602 ξ
1664 546 1843 592 68-71.

278 609 475 664 Deinde
519 608 880 671 perlustrantur
921 607 1239 655 divinationis
1288 607 1560 655 artificialis
1604 623 1801 669 genera,
1831 609 1899 657 ad

215 689 341 736 qnae
383 674 681 735 haruspices,
717 687 943 733 augureS‚
974 672 1277 720 coniectores
1316 673 1608 734 pertineant.
1682 674 1899 722 Eorum-

211 741 324 786 dem
350 740 448 787 alia
470 754 577 787 esse
600 740 651 786 in
675 737 936 800 disciplina
962 747 1011 785 et
1033 739 1369 787 monumentis
1391 740 1568 799 posita,
1586 738 1685 786 alia
1706 740 1757 786 in
1782 740 1900 787 sub-

210 804 282 852 ita
315 806 612 864 coniectura,
641 820 746 867 cap.
777 806 957 864 33-37,
987 802 1015 862 §
1053 806 1228 851 72-80.
1312 804 1444 851 Tum
1480 804 1685 865 exponit
1719 805 1899 866 quibus

211 870 366 918 Stoici
400 870 674 917 rationibus
707 869 1107 917 confirmaverint
1139 884 1247 916 esse
1280 884 1334 917 re
1366 884 1483 917 vera
1516 869 1890 931 divinationem,

210 950 316 996 cap.
343 936 406 982 38
436 950 536 997 seq.
563 933 590 992 ἓ
617 937 794 983 81—87.
883 936 1009 994 Iam,
1034 934 1121 996 qui
1155 933 1510 982 divinationem
1546 949 1656 983 esse
1689 944 1890 997 negent,

211 999 344 1061 quod
371 1000 506 1047 nulla
534 1001 598 1047 sit
623 1001 730 1048 eius
757 999 883 1047 ratio
909 1008 960 1047 et
987 1015 1153 1060 causa,
1171 1014 1255 1047 eos
1283 1014 1473 1048 errare:
1511 1015 1631 1047 nam
1654 1015 1898 1064 quaeren-

209 1066 330 1112 dum
357 1080 464 1113 esse
498 1066 627 1113 sitne
652 1065 889 1113 divinatio
924 1079 1094 1125 necne,
1118 1080 1216 1112 non
1243 1080 1341 1127 quo
1367 1066 1517 1113 modo
1545 1065 1646 1113 fiat.
1718 1066 1899 1128 Neque

208 1145 324 1178 vero
347 1131 502 1178 autin
522 1131 624 1178 vita
646 1131 897 1180 communi
920 1140 1007 1178 aut
1029 1147 1061 1178 a
1082 1130 1387 1193 philosophis
1405 1130 1621 1178 dubitari
1644 1130 1762 1193 quin
1780 1146 1897 1179 vere

209 1196 274 1243 sit
302 1196 559 1256 divinatio,
579 1211 685 1257 cap.
709 1197 789 1256 40,
816 1194 1040 1255 §87-89.
1116 1197 1271 1244 Recte
1298 1196 1448 1245 etiam
1478 1195 1668 1244 moveri
1700 1196 1896 1245 animos

208 1261 470 1309 hominum
493 1262 790 1322 antiquitate
806 1261 1090 1309 clarissimis
1111 1261 1404 1309 testimoniis
1423 1270 1606 1310 testata
1627 1269 1678 1309 et
1701 1262 1896 1322 consig-

208 1336 342 1387 nata,
362 1341 468 1387 cap.
490 1328 568 1386 41,
595 1325 622 1385 ἓ
647 1329 826 1386 90-92,
855 1336 906 1374 et
935 1327 984 1374 in
1014 1326 1204 1389 optima
1230 1342 1427 1389 quaque
1460 1342 1515 1375 re
1549 1327 1747 1388 publica
1778 1342 1897 1375 cum

208 1400 374 1439 cetera
409 1392 665 1439 divinandi
698 1407 882 1452 genera
916 1401 1019 1439 tum
1057 1392 1279 1453 auspicia
1312 1407 1505 1454 semper
1533 1392 1757 1450 valuisse,
1778 1407 1888 1454 cap.

208 1458 386 1516 42-48,
409 1456 436 1514 §
462 1460 675 1506 93-108.
737 1457 954 1507 Omnem
975 1472 1090 1505 vero
1116 1458 1433 1505 divinationis
1453 1458 1553 1504 vim
1577 1466 1628 1505 et
1651 1457 1896 1517 originem

208 1522 513 1570 referendam
550 1537 658 1570 esse
691 1522 756 1570 ad
783 1523 950 1582 deum,
973 1538 1079 1584 cap.
1101 1524 1280 1583 49-55,
1306 1521 1333 1580 ξ
1358 1526 1601 1583 109-126,
1622 1523 1687 1570 ad
1715 1524 1893 1584 fatum,

207 1603 313 1650 cap.
332 1590 414 1649 56,
437 1586 464 1647 ἓ
487 1591 597 1649 127,
621 1590 730 1648 128,
751 1596 802 1636 et
822 1588 888 1635 ad
910 1596 1160 1649 naturam,
1180 1604 1285 1650 cap.
1308 1591 1390 1647 57,
1406 1591 1486 1649 58,
1510 1588 1537 1647 ξ
1564 1592 1804 1638 129-132.

288 1738 332 1796 Ι.
421 1744 471 1795 1.
509 1738 695 1796 Vetus
718 1738 916 1814 opinio
941 1746 1028 1795 est
1052 1739 1166 1794 iam
1191 1758 1372 1815 usque
1394 1738 1465 1795 ab
1489 1739 1735 1796 heroicis
1758 1739 1895 1798 duc-

206 1826 267 1875 ta
299 1818 658 1894 temporibus
699 1837 875 1895 eaque
911 1826 968 1876 et
1010 1819 1213 1895 populi
1247 1819 1494 1876 Romani
1537 1827 1595 1876 et
1629 1820 1892 1877 omnium

205 1899 468 1974 gentium
523 1898 748 1954 firmata
796 1918 1075 1956 consensu
1125 1899 1334 1955 versari
1386 1899 1694 1976 quamdam
1741 1901 1893 1957 inter

205 1978 471 2035 homines
505 1978 938 2050 divinationem,
966 1998 1139 2055 quam
1169 1978 1372 2036 Graeci
1399 1981 1670 2055 μαντικὴν
1700 1981 1893 2056 appel-

205 2058 343 2128 lant,
367 2058 431 2114 id
460 2064 562 2127 est,
586 2059 1050 2134 praesensionem
1085 2065 1145 2116 et
1178 2059 1475 2116 scientiam
1511 2079 1699 2117 rerum
1733 2061 1893 2117 futu-

205 2158 410 2195 rarum.
496 2137 803 2214 Magnifica
837 2139 1073 2214 quidem
1107 2157 1197 2196 res
1232 2146 1289 2195 et
1324 2139 1603 2210 salutariS,
1629 2140 1678 2196 si
1711 2141 1890 2198 modo

204 2226 290 2275 est
312 2218 442 2289 ulla,
466 2237 687 2295 quaque
717 2219 976 2294 proximo
1006 2218 1079 2275 ad
1101 2219 1340 2276 deorum
1364 2220 1480 2276 vim
1510 2227 1714 2277 natura
1741 2239 1892 2277 mot·-

205 2299 334 2355 talis
356 2299 540 2375 possit
568 2298 848 2355 accedere.
920 2298 1123 2375 Itaque
1152 2306 1219 2355 ut
1248 2299 1357 2356 alia
1387 2319 1493 2356 nos
1520 2300 1725 2357 melius
1746 2301 1891 2357 mul-

204 2386 264 2435 ta
294 2398 465 2456 quam
495 2378 713 2446 Graeci,
740 2378 820 2434 sic
849 2378 982 2435 huic
1012 2379 1534 2454 praestantissimae
1564 2380 1646 2437 rei
1673 2399 1889 2438 nomen

203 2459 384 2516 nostri
414 2478 449 2515 a
476 2458 640 2528 divis,
665 2457 883 2528 Graeci,
909 2466 974 2515 ut
995 2458 1167 2515 Plato
1189 2459 1614 2535 interpretatur,
1638 2479 1673 2516 a
1693 2461 1889 2519 furore

202 2539 503 2597 duxerunt.
591 2545 643 2596 2.
689 2538 935 2595 Gentem
972 2539 1205 2615 quidem
1248 2539 1463 2596 nullam
1499 2540 1667 2597 video
1700 2559 1888 2617 neque

202 2626 321 2676 tam
356 2620 667 2677 humanam
710 2625 883 2695 atque
927 2618 1157 2676 doctam
1201 2638 1386 2696 neque
1419 2626 1539 2676 tam
1573 2621 1888 2677 immanem

201 2706 435 2777 tamque
477 2699 792 2769 barbaram,
819 2702 963 2775 quae
1005 2718 1124 2756 non
1167 2698 1475 2776 significari
1516 2701 1714 2757 futura
1755 2706 1814 2757 et
1854 2720 1890 2758 a

203 2779 546 2855 quibusdam
566 2779 822 2856 intellegi
845 2779 1210 2856 praedicique
1233 2799 1400 2854 posse
1423 2787 1664 2838 censeat.
1723 2779 1889 2837 Prin-

202 2859 356 2934 cipio
398 2859 642 2935 Assyrii,
675 2866 742 2915 ut
791 2859 862 2915 ab
906 2859 1127 2916 ultimis
1168 2860 1569 2917 auctoritatem
1612 2867 1885 2937 repetam,

201 2944 438 3014 propter
464 2938 764 3013 planitiem
793 2939 1370 3016 magnitudinemque
1400 2940 1719 3017 regionum,
1746 2959 1887 3017 quas

202 3016 544 3086 incolebant,
570 3035 700 3073 cum
731 3017 946 3073 caelum
983 3037 1052 3074 ex
1087 3019 1246 3075 omni
1281 3024 1441 3095 parte
1469 3027 1673 3096 patens
1714 3027 1887 3097 atque

202 3101 463 3171 apertum
485 3096 858 3164 intuerentur,
883 3097 1246 3154 traiectiones
1265 3106 1572 3176 motusque
1595 3100 1886 3157 stellarum

203 3174 709 3244 observitaverunt,
737 3174 944 3248 quibus
977 3177 1193 3233 notatis
1227 3178 1368 3253 quid
1411 3198 1640 3256 quoqne
1675 3181 1886 3256 signifi-
