2205 3431
487 139 624 189 LIB.
654 138 777 200 ΙΙΙ.,
807 137 961 187 CAP.
992 137 1459 197 XXIV.-XXVI.,
1490 136 1518 196 ἓ
1548 140 1726 188 61-67.
1869 144 1959 188 129

280 243 654 320 disputemus,
679 241 935 297 dicamus
963 239 1142 315 digna
1169 240 1257 296 dis
1285 240 1720 312 immortalibus,
1748 242 1818 299 de
1843 243 1962 318 qui-

280 323 385 380 bus
413 322 596 379 habeo
626 322 749 397 ipse
778 320 935 397 quod
957 320 1215 389 sentiam,
1237 339 1351 376 non
1377 320 1558 377 habeo
1588 327 1777 378 autem
1805 324 1960 399 quod

278 402 387 459 tibi
421 402 720 459 adsentiar.
806 400 1146 475 Neptunum
1190 419 1309 456 esse
1352 400 1495 456 dicis
1537 401 1794 458 animum
1829 422 1959 459 cum

279 481 669 558 intellegentia
700 479 803 557 per
833 499 988 536 mare
1021 480 1422 555 pertinentem,
1449 480 1603 536 idem
1632 481 1704 538 de
1739 481 1956 540 Cerere.

280 561 457 618 Istam
487 569 678 618 autem
706 559 1154 635 intellegentiam
1186 566 1285 615 aut
1312 561 1485 616 maris
1514 567 1612 617 aut
1634 567 1814 618 terrae
1841 581 1958 618 non

278 642 453 698 modo
488 639 968 716 comprehendere
1002 639 1214 709 anim0‚
1240 639 1340 695 sed
1374 658 1447 696 ne
1482 641 1804 717 suspicione
1839 643 1961 718 qui-

279 722 409 778 dem
452 740 687 799 possum
732 719 1028 794 attingcrc.
1117 718 1317 794 Itaque
1352 718 1581 777 aliunde
1615 720 1759 776 mihi
1795 740 1958 797 quac-

279 801 521 858 rendum
555 807 656 870 est,
687 808 753 857 ut
787 807 845 856 et
879 818 998 855 esse
1032 799 1172 855 deos
1201 806 1258 855 ct
1288 798 1481 875 quales
1511 799 1626 857 sint
1654 800 1713 857 di
1743 801 1958 858 discere

278 880 511 958 possim,
538 900 708 957 quam
739 878 933 956 quales
961 885 1025 935 tu
1054 898 1154 935 eos
1182 897 1302 935 esse
1332 878 1431 936 vis.

310 954 315 960 ’
361 966 452 1018 65.
474 960 789 1018 Videamus
812 979 892 1027 ea,
912 977 1055 1035 quae
1077 966 1408 1035 sequuntur,
1426 958 1672 1035 primum
1699 960 1959 1016 deorum-

278 1059 351 1097 ne
388 1040 749 1116 providentia
781 1039 1031 1095 mundus
1064 1046 1310 1114 regatur,
1342 1038 1550 1096 deinde
1588 1040 1959 1097 consulantne

183 1165 187 1169 ,
277 1120 446 1177 rebus
488 1120 765 1176 humanis,
852 1118 1012 1175 Haec
1047 1120 1201 1175 enim
1230 1118 1375 1176 mihi
1417 1139 1487 1177 ex
1519 1127 1620 1177 tua
1651 1120 1960 1196 partitione

278 1207 494 1256 restant
535 1200 667 1257 duo,
733 1200 833 1255 De·
863 1198 1085 1277 quibuS‚
1112 1200 1160 1255 si
1188 1199 1351 1256 vobis
1373 1200 1614 1270 videtur,
1647 1201 1962 1257 accuratius

279 1278 670 1351 disserendum
699 1287 857 1355 puto,
933 1279 1078 1335 Mihi
1109 1299 1257 1349 vem,
1290 1279 1480 1356 inquit
1507 1280 1777 1350 Velleius,
1799 1280 1962 1336 valdo

279 1359 533 1417 videtur:
577 1379 710 1418 nam
754 1367 812 1416 et
848 1359 1066 1416 maiora
1099 1366 1365 1435 exspecto
1401 1367 1459 1417 et
1493 1359 1598 1430 his,
1632 1380 1775 1436 quae
1810 1360 1964 1416 dicta

281 1446 430 1510 sunt,
455 1439 821 1497 vehementer
849 1438 1152 1496 adsentior.
1222 1438 1371 1495 Tum
1402 1438 1646 1496 Balbus:
1690 1439 1962 1516 Interpel-

279 1520 394 1576 lare
429 1527 502 1589 te,
527 1520 731 1596 inquit,
756 1519 946 1589 Cotta,
972 1517 1132 1588 nolo:
1151 1519 1250 1575 sed
1284 1538 1573 1576 sumemus
1606 1527 1835 1596 tempus
1868 1519 1965 1576 ali-

280 1600 393 1657 ud:
439 1599 677 1657 cfficiam
708 1600 969 1676 profecto
999 1606 1064 1655 ut
1092 1600 1321 1657 fateare.
1408 1598 1523 1657 Sed
1551 1644 1563 1657 .
1597 1644 1609 1657 .
1643 1643 1656 1656 .

874 1723 1100 1803 [Multa
1130 1727 1373 1806 desunt]

345 1861 674 1923 Nequaquam
697 1860 825 1908 istuc
847 1859 973 1908 istac
995 1860 1114 1908 ibit:
1154 1875 1338 1920 magna
1359 1860 1489 1908 inest
1512 1861 1732 1909 certatio,

347 1963 478 2039 Nam
504 1963 672 2050 tit-ego
693 1962 791 2037 illis
816 1962 1142 2053 supplicarem
1167 1961 1307 2038 tanta
1330 1962 1796 2054 ‘blandiloquentiaP’

348 2056 513 2116 Quam
537 2056 600 2103 ob
622 2071 727 2104 rem
743 2057 766 2104 Ρ

281 2173 510 2232 XXVI.
586 2179 678 2230 66.
710 2173 997 2230 Parumne
1025 2173 1352 2230 ratiocinari
1375 2173 1601 2230 videtur
1629 2180 1686 2230 et
1715 2173 1823 2230 sibi
1846 2173 1971 2250 ipsa

282 2254 811 2391 gefagizizffiep'estem
839 2253 1195 2311 machinari?
1277 2253 1430 2312 Illud
1457 2272 1591 2310 vero
1622 2272 1791 2331 quam
1822 2253 1972 2310 calli-

347 2461 447 2521 Qui
468 2460 571 2510 volt
594 2474 702 2509 esse
724 2459 859 2522 quod
880 2459 996 2516 volt,
1012 2459 1084 2507 ita
1109 2459 1194 2508 dat
1218 2475 1269 2509 se
1290 2475 1384 2521 reS‚
1404 2468 1460 2508 ut
1483 2475 1686 2522 operam
1712 2460 1863 2509 dabit.

284 2584 399 2654 Qui
427 2592 514 2641 est
542 2602 736 2640 versus
766 2583 1023 2640 omnium
1056 2583 1365 2640 seminator
1399 2583 1695 2641 malorum.

352 2705 444 2753 Ille
466 2712 686 2752 traversa
707 2710 874 2752 mente
898 2703 968 2750 mi
989 2702 1138 2751 hodie
1161 2703 1367 2752 tradidit
1389 2704 1639 2766 repagula,

351 2770 544 2830 Quibus
559 2783 651 2829 ego
663 2769 787 2816 iram
805 2783 1003 2817 omnem
1021 2768 1269 2816 recludam
1290 2781 1438 2830 atque
1455 2770 1522 2817 illi
1543 2769 1804 2830 perniciem
1821 2768 1965 2831 dabo,

352 2835 481 2884 Mihi
507 2850 772 2895 maerores,
796 2833 864 2882 illi
892 2834 1098 2895 luctum,
1118 2834 1328 2883 exitium
1353 2835 1441 2893 illi,
1463 2835 1692 2882 exsilium
1718 2835 1855 2882 mihi.

286 2954 455 3012 Hanc
470 2951 736 3009 videlicet
754 2951 1050 3019 rationem,
1064 2970 1235 3026 quam
1251 2969 1352 3006 vos
1371 2950 1566 3007 divino
1584 2949 1859 3008 beneficio
1874 2950 1974 3007 ho-

285 3034 431 3092 mini
463 3032 648 3090 solum
671 3031 945 3088 tributam
969 3031 1178 3099 dicitis,
1203 3030 1416 3087 bestiae
1441 3050 1555 3087 non
1579 3030 1806 3087 habent.
1878 3032 1968 3086 67.

286 3113 546 3171 Videsne
568 3112 745 3187 igitur
768 3117 982 3187 quanto
1005 3129 1240 3181 munere
1264 3110 1501 3166 deorum
1525 3111 1702 3166 simus
1724 3109 1973 3165 adfecti?

282 3194 486 3273 Atque
516 3192 712 3250 eadem
744 3190 948 3249 Medea
974 3198 1195 3268 patrem
1226 3190 1581 3266 patriamque
1610 3189 1870 3265 fugiens:

2023 3254 2106 3312 ἱ
