2205 3431
613 127 749 177 LIB.
780 127 844 187 I.,
867 126 1022 177 CAP.
1057 127 1418 187 xx-xxu„
1443 126 1472 186 §e
1500 129 1676 177 53-60.
1927 130 1991 176 23

305 246 479 305 quam
512 247 623 304 qua
649 247 708 285 re
736 227 963 286 falsum.
1036 228 1220 304 quue
1249 247 1380 285 cum
1410 248 1577 304 saepe
1604 236 1747 299 tum,
1773 247 1903 285 cum
1933 236 1991 286 te

304 308 566 364 audirem
588 308 759 384 paulo
789 316 938 377 ante,
956 309 1219 384 contigit.
1284 308 1476 384 Roges
1497 327 1589 365 me
1613 308 1838 385 qualem
1861 308 1993 365 deo-

305 407 435 444 rum
467 394 728 444 naturam
758 407 879 445 esse
908 389 1132 458 ducam,
1155 388 1297 445 nihil
1321 389 1563 445 fortasse
1593 389 1986 465 respondeam.

305 467 558 535 Quaeras
600 474 874 544 putemne
911 467 1082 525 talem
1133 488 1269 535 esse,
1289 468 1471 545 qualis
1513 468 1690 525 modo
1736 488 1771 524 a
1813 476 1870 525 tc
1917 469 1991 525 sit

305 548 583 624 exposita,
605 547 748 603 nihil
784 548 971 605 dicam
1015 548 1158 604 mihi
1195 548 1374 605 videri
1408 549 1615 605 minuS.
1701 547 1818 604 Sed
1857 556 1990 605 ante

307 646 480 703 quam
523 628 823 704 aggrediar
863 629 935 684 ad
969 647 1050 697 ea,
1084 647 1228 704 qnae
1262 648 1295 684 a
1328 636 1385 685 te
1419 628 1711 704 disputata
1744 635 1893 697 sunt,
1919 628 1990 684 de

305 716 365 764 te
395 708 521 783 ipso
551 707 738 764 dicam
770 708 909 783 quid
938 708 1198 766 sentiam.
1285 714 1377 765 58.
1415 707 1597 785 Saepe
1627 709 1780 764 enim
1809 707 1881 765 de
1909 708 1992 764 fa-

308 787 516 844 miliari
546 787 643 843 illo
677 794 779 844 tuo
808 787 1006 844 videor
1039 788 1279 858 audisse,
1305 808 1437 845 cum
1470 797 1528 846 te
1563 789 1775 864 togatis
1809 789 1992 844 omni-

305 866 414 923 bus
444 867 563 924 sine
592 867 769 924 dubio
797 868 1106 925 anteferret
1135 876 1192 925 et
1219 888 1432 945 paucos
1460 876 1647 925 tecum
1680 868 1990 944 Epicureos

307 967 339 1003 e
366 946 603 1004 Graecia
630 955 1001 1025 compararet,
1027 949 1144 1015 sed,
1171 949 1324 1024 quod
1360 948 1431 1004 ab
1460 968 1528 1005 eo
1556 956 1614 1005 te
1643 948 1880 1005 mirifice
1909 949 1991 1004 di·

308 1027 410 1102 ligi
458 1027 878 1103 intellegebam,
911 1027 1226 1085 arbitrabar
1267 1028 1426 1085 illum
1470 1035 1705 1105 propter
1748 1027 1992 1085 benevo-

307 1105 542 1163 lentiam
584 1107 814 1164 uberius
857 1108 917 1164 id
959 1108 1163 1165 dicere.
1250 1108 1376 1184 Ego
1419 1116 1627 1178 autem,
1654 1109 1761 1165 etsi
1794 1127 1991 1165 vereor

307 1185 534 1244 laudare
575 1195 949 1263 praesentem,
975 1188 1168 1244 iudico
1201 1195 1394 1245 tamen
1438 1189 1509 1245 de
1543 1207 1601 1245 re
1638 1188 1877 1245 obscula
1910 1195 1990 1245 at-

308 1285 417 1358 que
446 1266 661 1324 difficili
696 1287 730 1323 a
762 1275 819 1324 te
854 1268 1072 1324 dictum
1110 1288 1229 1325 esse
1264 1268 1528 1337 dilucide,
1550 1288 1734 1345 neque
1768 1275 1990 1325 senten-

307 1347 404 1403 tiis
446 1340 657 1404 solum
673 1347 921 1424 copiose,
954 1348 1053 1404 sed
1087 1348 1274 1405 verbis
1317 1350 1490 1405 etiam
1526 1349 1781 1404 ornatius
1816 1367 1987 1424 quam

307 1426 492 1483 solent
512 1427 701 1484 vestri.
763 1433 855 1484 59.
893 1427 1197 1498 Zenonem,
1221 1448 1389 1505 quem
1415 1428 1585 1485 Philo
1615 1436 1810 1484 noster
1830 1447 1990 1503 cory-

306 1505 554 1582 phaeum
582 1506 866 1584 appellare
890 1507 1300 1584 Epicureorum·
1331 1508 1565 1579 solebat,
1586 1528 1718 1565 cum
1741 1507 1988 1564 Athenis

306 1605 504 1657 essem,
529 1586 829 1643 audiebam
864 1587 1195 1664 frequenter
1227 1596 1286 1645 et
1320 1589 1554 1665 quidem
1587 1589 1715 1665 ipso
1759 1594 1988 1644 auctore

306 1665 552 1725 Philone
593 1668 779 1738 cred0,
804 1675 870 1725 ut
902 1668 1129 1726 facilius
1162 1669 1472 1727 iudicarem
1509 1688 1679 1746 quam
1713 1668 1810 1725 illa
1843 1667 1988 1725 bene

305 1747 710 1818 refellerentur,
736 1768 865 1806 cum
909 1768 944 1805 a
983 1750 1244 1827 principe
1287 1750 1700 1827 Epicureorum
1745 1749 1987 1825 accepis-

306 1846 424 1884 sem
470 1847 638 1904 quem
682 1828 754 1885 ad
796 1829 1032 1887 modum
1077 1830 1415 1887 dicerentur.
1501 1830 1634 1887 Non
1669 1830 1846 1906 igitur
1874 1829 1984 1897 ille,

304 1915 371 1964 ut
398 1908 670 1985 plerique,
697 1909 796 1965 sed
831 1909 941 1966 isto
977 1910 1171 1977 mod0,
1197 1918 1262 1967 ut
1295 1918 1375 1979 tu,
1401 1910 1687 1979 distincte,
1720 1909 1984 1986 graviter,

306 1995 518 2045 ornate.
589 1988 702 2045 Sed
732 1989 887 2065 quod
915 1990 973 2045 in
1004 1990 1104 2046 illo
1133 1990 1276 2046 mihi
1305 2010 1409 2047 usu
1440 2010 1606 2067 saepe
1635 1991 1807 2058 venit,
1832 1990 1985 2045 idem

309 2068 497 2138 mod0‚
523 2088 653 2125 cum
683 2076 740 2125 te
769 2069 1041 2138 audirem,
1073 2070 1384 2140 accidebat,
1418 2078 1482 2127 ut
1510 2070 1748 2128 moleste
1777 2070 1986 2126 ferrem

306 2155 531 2205 tantum
574 2149 1105 2222 ingenium-bona
1146 2151 1311 2207 venia
1351 2170 1444 2207 me
1485 2150 1821 2207 audies—in
1865 2157 1985 2205 tam

305 2226 470 2296 leveS‚
502 2247 573 2285 ne
615 2229 799 2285 dicam
838 2229 895 2285 in
931 2237 1049 2285 tam
1085 2231 1325 2307 ineptaS,
1351 2231 1660 2287 sententias
1703 2229 1984 2286 incidisse.

307 2313 399 2364 60.
438 2307 557 2365 Nec
587 2328 694 2384 ego
723 2327 875 2365 nunc
905 2309 1025 2385 ipse
1059 2310 1277 2386 aliquid
1311 2311 1566 2367 adferam
1595 2309 1814 2366 melius.
1899 2308 1988 2366 Ut

304 2388 456 2443 enim
482 2389 657 2445 modo
686 2388 822 2457 dixi,
845 2389 1112 2446 omnibus
1139 2391 1259 2446 fere
1281 2390 1340 2446 in
1371 2390 1538 2447 rebus
1566 2397 1624 2446 et
1651 2390 1899 2446 maxime
1927 2389 1985 2444 in

304 2467 560 2544 physicis
590 2468 728 2545 quid
771 2487 886 2525 non
923 2470 997 2526 sit
1031 2470 1200 2527 citius
1236 2489 1403 2546 quam
1443 2470 1581 2546 quid
1617 2470 1691 2526 sit
1726 2469 1983 2526 dixerim.

303 2547 503 2604 XXII.
540 2548 731 2624 Roges
775 2567 867 2605 me
913 2549 1051 2625 quid
1096 2557 1196 2606 aut
1241 2550 1404 2626 quale
1450 2551 1526 2607 sit
1570 2549 1727 2618 deUS,
1758 2556 1987 2605 auctore

303 2635 433 2684 utar
474 2627 789 2698 Simonide,
821 2628 892 2685 de
936 2648 1050 2705 quo
1090 2649 1221 2686 cum
1266 2630 1634 2705 quaesivisset
1678 2628 1787 2685 hoc
1831 2628 1986 2684 idem

303 2713 582 2782 tyrannus
625 2708 821 2777 Hier0‚
847 2709 1198 2766 deliberandi
1242 2710 1350 2766 sibi
1392 2728 1571 2766 unum
1608 2709 1760 2765 diem
1793 2715 1990 2784 postu-

303 2786 458 2844 lavit.
545 2787 694 2844 Cum
726 2788 877 2844 idem
908 2809 976 2846 ex
1006 2809 1073 2846 eo
1104 2789 1382 2865 postridie
1413 2795 1721 2865 quaereret,
1746 2787 1986 2845 biduum

302 2868 526 2943 petivit.
570 2921 578 2927 ,
612 2869 760 2926 Cum
806 2870 1029 2945 saepius
1063 2869 1380 2946 duplicaret
1423 2888 1724 2926 numerum
1767 2869 1987 2925 dierum

303 2947 708 3024 admiransque
738 2948 918 3005 Hiero
952 2950 1264 3025 requireret
1297 2968 1397 3005 cur
1425 2949 1506 3005 ita
1533 2949 1779 3005 faceret:
1839 2947 1989 3015 Quia

306 3034 523 3102 quanto
558 3027 775 3084 diutius
818 3029 1134 3097 considerO,
1171 3029 1377 3104 inquit,
1406 3035 1571 3084 tanto
1603 3027 1748 3083 mihi
1790 3046 1878 3082 res
1911 3027 1990 3080 vi-

304 3107 473 3163 detur
490 3107 796 3164 obscurior.
856 3108 969 3165 Sed
992 3108 1348 3164 Simonidem
1372 3107 1809 3162 arbitror—non
1836 3103 1988 3159 enim

275 3194 484 3263 ,poeta
532 3188 714 3244 solum
762 3189 963 3252 suavis,
996 3207 1191 3244 verum
1237 3188 1410 3242 ctiam
1453 3184 1742 3258 ceteroqui
1785 3183 1989 3237 doetus
