2205 3431
259 137 356 184 228
780 135 878 184 DE
911 134 1409 184 DIVINATIONE.

259 236 535 312 signifero
563 236 625 292 in
659 235 810 307 orbe,
833 236 932 313 qui
959 235 1173 293 Graece
1207 234 1466 302 ζωδιακὸς
1495 236 1721 307 dicitur,
1744 237 1935 308 talem,

258 322 325 373 ut
357 316 479 373 eius
513 316 666 373 orbis
698 335 813 372 una
846 334 1104 392 quaeque
1136 335 1267 391 pars
1308 315 1418 372 alia
1457 315 1568 372 alio
1601 316 1778 373 modo
1818 336 1941 372 mo-

258 404 387 453 veat
419 396 799 472 immutetque
832 395 1066 466 caelum,
1092 395 1328 472 perinde
1362 403 1428 453 ut
1456 415 1712 472 quaeque
1747 395 1939 453 stellae

257 476 317 531 in
339 476 409 532 iis
430 474 802 552 finitimisque
823 474 1081 552 partibus
1110 475 1226 531 sint
1248 494 1475 552 quoque
1497 483 1771 552 tempore,
1792 495 1943 532 eam·

258 574 369 632 que
396 556 511 612 vim
542 555 692 612 varie
724 555 942 611 moveri
971 553 1041 610 ab
1070 554 1142 610 iis
1176 555 1471 625 sideribuS,
1494 574 1637 632 quae
1665 562 1942 612 vocantur

257 636 516 692 errantia.
590 634 749 691 Cum
791 641 982 690 autem
1024 633 1083 689 in
1128 653 1251 690 eam
1294 635 1477 711 ipsam
1521 642 1741 710 partem
1783 633 1942 691 orbis

257 715 531 786 venerint,
563 714 622 770 in
667 733 780 790 qua
820 714 896 770 sit
937 720 1095 769 ortus
1138 714 1275 782 eius,
1309 714 1408 790 qui
1441 722 1718 784 nascatur,
1744 721 1843 771 aut
1876 715 1938 770 in

257 813 400 863 eam,
439 813 582 870 quae
631 793 1001 850 coniunctum
1052 792 1272 869 aliquid
1311 793 1520 851 habeat
1567 801 1667 850 aut
1706 811 1944 850 consen-

257 873 420 943 tienS,
453 892 519 930 ea
557 872 842 949 triangula
881 871 964 929 illi
999 879 1056 929 et
1090 872 1367 949 quadrata
1405 874 1723 930 nominant.
1806 872 1943 930 Ete-

258 953 378 1008 nim
407 971 536 1009 cum
566 960 824 1028 tempore
852 952 987 1008 anni
1009 958 1418 1029 tempestatum
1448 959 1618 1028 atque
1646 952 1785 1010 caeli
1806 972 1942 1009 con-

257 1032 541 1089 versiones
563 1032 1155 1108 commutationesque
1176 1040 1368 1089 tantae
1390 1032 1531 1089 fiant
1558 1051 1784 1089 accessu
1811 1031 1943 1088 stel-

256 1110 437 1168 larum
467 1118 525 1168 ct
551 1131 788 1181 recessu,
813 1130 1057 1187 cumque
1091 1131 1160 1168 ea
1186 1112 1243 1169 vi
1272 1111 1408 1169 solis
1441 1111 1771 1183 efficiantur,
1792 1131 1939 1188 quae

256 1192 531 1263 fidemne,
551 1211 667 1248 non
690 1191 808 1248 veri
836 1190 1019 1248 simile
1048 1191 1251 1262 solum,
1273 1192 1373 1249 sed
1394 1192 1568 1249 etiam
1591 1210 1787 1248 verum
1815 1211 1940 1248 esse

258 1279 503 1341 censent,
540 1270 792 1347 perinde,
827 1278 1139 1347 utcumque
1186 1278 1536 1349 temperatus
1584 1271 1658 1328 sit
1705 1277 1819 1341 aer,
1856 1271 1941 1328 ita
2021 1284 2027 1290 '

256 1370 462 1427 pueros
504 1352 749 1409 orientes
789 1351 1026 1407 animari
1063 1357 1234 1427 atque
1268 1352 1504 1408 formari
1538 1370 1606 1407 ex
1640 1369 1822 1427 eoque
1856 1350 1941 1406 in-

256 1431 439 1503 genia,
458 1450 661 1501 moreS‚
693 1430 965 1501 animum,
997 1449 1219 1507 corpuS‚
1251 1431 1535 1488 actionem
1578 1430 1741 1501 vitae,
1774 1449 1939 1487 casus

257 1512 528 1587 cuiusque
570 1517 917 1585 eventusque
957 1509 1116 1583 fingi.
1201 1510 1417 1567 XLIII.
1503 1516 1595 1567 90.
1642 1510 1695 1567 O
1737 1509 1940 1566 delira-

256 1590 472 1647 tionem
500 1589 888 1648 incredibilem
912 1591 924 1647 !
1008 1589 1065 1645 N
1067 1610 1143 1646 on
1173 1590 1327 1646 enim
1357 1590 1544 1646 omnis
1572 1609 1726 1646 error
1753 1589 1939 1647 stulti-

255 1670 337 1728 tia
364 1676 449 1728 est
470 1670 725 1729 dicenda.
803 1669 1024 1738 Quibus
1046 1669 1219 1727 etiam
1243 1670 1535 1747 Diogenes
1556 1668 1783 1727 Stoicus
1805 1688 1938 1727 con-

256 1751 408 1807 cedit
448 1750 681 1828 aliquid,
712 1757 778 1808 ut
820 1750 1143 1827 praedicere
1174 1750 1400 1826 possint
1441 1750 1740 1807 dumtaxat
1781 1751 1937 1826 quali

256 1830 494 1906 quisque
523 1839 724 1887 natura
751 1837 809 1887 et
836 1830 910 1886 ad
939 1849 1111 1906 quarn
1148 1830 1387 1907 quisquc
1415 1830 1661 1887 maxime
1689 1849 1808 1886 rem
1839 1849 1937 1906 ap-

254 1919 347 1966 tus
374 1911 603 1966 futurus
631 1910 720 1966 sit.
793 1909 1010 1979 Cetera,
1033 1928 1177 1986 quae
1205 1908 1595 1986 profiteantur,
1615 1917 1789 1986 negat
1817 1910 1935 1967 ullo

254 1989 430 2046 modo
452 2008 619 2065 posse
647 1988 809 2045 sciri:
846 1989 1058 2046 etenim
1086 1989 1449 2065 geminorum
1472 1990 1688 2046 formas
1716 2008 1836 2046 esse
1865 1991 1936 2046 si-

253 2068 432 2139 mileS,
469 2068 646 2125 vitam
696 2075 867 2145 atque
911 2069 1204 2125 fortunam
1250 2067 1585 2145 plerumque
1629 2069 1931 2145 disparem.

253 2147 483 2205 Procles
517 2155 575 2205 et
601 2147 1004 2224 EurystheneS‚
1030 2148 1610 2205 Lacedaemoniorum
1639 2167 1816 2224 regeS,
1840 2168 1936 2225 ge-

253 2228 397 2285 mini
429 2227 633 2285 fratres
665 2229 914 2285 fuerunt.
1001 2233 1093 2285 91.
1132 2227 1216 2285 At
1242 2228 1306 2284 hi
1339 2246 1443 2284 nec
1471 2227 1716 2285 totidem
1751 2246 1936 2286 annos

251 2309 547 2365 vixerunt:
592 2327 742 2365 anno
785 2308 935 2364 enim
984 2307 1175 2363 Procli
1211 2308 1328 2365 vita
1370 2307 1595 2364 brevior
1636 2307 1767 2377 fuit,
1791 2308 1938 2365 mul-

251 2396 491 2464 tumque
539 2388 587 2444 is
630 2388 797 2444 frat-ri
840 2407 1028 2444 rerum
1072 2394 1363 2463 gestarum
1406 2387 1590 2463 gloria
1627 2387 1931 2463 praestitit.

252 2468 336 2525 At
370 2486 478 2544 ego
512 2467 574 2524 id
606 2467 813 2543 ipsum,
841 2467 996 2544 quod
1025 2467 1111 2524 vir
1145 2467 1415 2544 optimUS,
1441 2466 1746 2544 Diogene8‚
1768 2466 1939 2524 Chal-

253 2548 409 2604 daeis
459 2548 619 2624 quasi
660 2547 907 2624 quadam
949 2547 1429 2623 praevaricatione
1472 2546 1751 2617 concedit,
1783 2565 1936 2623 nego

252 2647 418 2703 posse
460 2627 730 2702 intellegi.
815 2627 1045 2684 Etenim
1088 2646 1237 2696 cum,
1269 2634 1335 2683 ut
1375 2626 1486 2702 ipsi
1528 2626 1742 2697 dicunt,
1775 2635 1937 2685 ortus

251 2707 605 2764 nascentium
640 2707 776 2764 luna
805 2707 1151 2776 moderetur,
1177 2725 1353 2783 eaque
1389 2706 1843 2763 animadvertant
1875 2715 1937 2765 et

252 2794 456 2843 notent
489 2787 672 2843 sidera
712 2786 978 2843 natalicia
1018 2785 1309 2856 Chaldaei,
1343 2804 1731 2862 quaecumque
1763 2785 1937 2844 lunae

252 2867 447 2921 iuncta
486 2865 800 2936 videantur,
833 2865 1126 2923 oculorum
1170 2866 1537 2922 fallacissimo
1581 2884 1747 2922 sensu
1789 2866 1938 2924 iudi·

254 2950 389 2999 cant
421 2962 501 3012 ea,
528 2962 669 3017 quae
712 2945 930 3002 ratione
971 2952 1143 3021 atque
1177 2945 1370 3002 animo
1405 2945 1595 3002 videre
1628 2944 1933 3004 debebant.

253 3021 442 3080 Docet
463 3022 616 3077 enim
644 3023 790 3079 ratio
818 3024 1371 3094 mathematicorum,
1394 3044 1565 3101 quam
1587 3025 1712 3081 istis
1734 3032 1937 3083 notam

256 3118 376 3155 esse
398 3099 713 3175 oportebat,
735 3109 947 3176 quanta
966 3102 1292 3161 humilitate
1314 3104 1450 3161 luna
1470 3105 1702 3173 feratur,
1723 3111 1935 3163 terram

255 3196 434 3253 paene
463 3179 815 3253 contingenS,
841 3188 1119 3256 quantum
1142 3182 1291 3240 absit
1318 3203 1352 3241 a
1377 3184 1641 3261 proxima
1668 3183 1940 3245 Mercurii
