2205 3431
599 83 739 133 LlB.
771 84 865 145 IL,
893 83 1050 133 CAP.
1078 83 1469 145 XX.-XX111.,
1498 82 1526 142 ἓ
1561 85 1740 133 53-59.
1952 85 2016 135 67

334 206 468 264 ergo
497 186 893 243 admirabilem
927 185 1190 243 ordinem
1218 185 1723 262 incredibilemque
1758 192 2019 243 constan-

333 267 491 337 tiam,
514 286 583 323 ex
614 285 726 343 qua
753 266 1110 324 conservatio
1145 272 1204 323 et
1226 264 1375 322 salus
1404 265 1663 322 omnium
1692 267 1882 322 omnis
1911 266 2018 322 ori-

332 353 441 416 tur,
464 346 563 424 qui
584 365 780 403 vacare
798 352 1002 403 'mente
1024 351 1208 422 putat,
1230 345 1280 401 is
1301 345 1422 422 ipse
1457 345 1667 402 mentis
1696 364 1895 422 expers
1922 345 2018 401 ha-

332 426 555 483 bendus
577 434 677 484 est.
765 425 857 483 57.
894 425 1072 482 Haud
1099 445 1253 502 ergo,
1275 432 1341 482 ut
1369 424 1590 502 opinor,
1616 444 1888 495 erraverO,
1909 425 1956 481 si
1984 445 2020 482 a

332 506 590 598 principe
632 505 1060 582 investigandae
1102 505 1357 562 veritatis
1398 504 1570 561 huius
1612 504 2018 580 disputationis

334 586 682 663 principium
711 586 941 643 duxero,
1025 584 1225 642 XXII.
1258 585 1411 642 Zeno
1441 585 1619 660 igitur
1646 584 1728 641 ita
1754 592 2015 641 natulam

332 665 549 737 definit,
575 673 642 722 ut
667 685 795 723 eam
823 665 1020 723 dicat
1006 684 1201 756 lgnem
1235 684 1355 722 esse
1388 663 1760 721 artificiosum
1796 663 1867 720 ad
1896 664 2019 755 gig·

332 746 585 802 nendum
608 745 1069 822 progredientem
1094 745 1200 802 via.
1271 743 1481 801 Censet
1504 744 1654 800 enim
1680 744 1815 800 artis
1844 744 2019 800 maxi-

332 845 424 882 me
453 826 752 902 proprium
781 844 901 882 esse
930 844 1117 882 creare
1146 832 1204 881 et
1230 824 1482 900 gignere,
1506 823 1774 900 quodque
1797 823 1855 879 in
1887 843 2019 899 ope-

332 905 488 961 ribus
516 911 839 962 nostrarum
867 905 1077 961 artium
1108 924 1310 961 manus
1340 903 1562 974 efficiat,
1584 903 1646 959 id
1674 903 1858 961 multo
1888 903 2018 959 arti-

330 983 581 1041 ficiosius
610 993 870 1042 naturam
900 983 1134 1055 efficere,
1156 985 1217 1041 id
1245 991 1347 1055 est,
1369 991 1434 1041 ut
1463 984 1599 1055 dixi,
1625 984 1817 1060 ignem
1847 982 2018 1040 artifi-

331 1064 568 1136 ciosum,
600 1066 935 1142 magistrum
981 1064 1188 1121 artium
1234 1064 1596 1140 reliquarum.
1680 1063 1876 1140 Atque
1911 1062 2016 1119 hac

332 1144 565 1217 quidem
594 1146 813 1202 ratione
842 1144 1031 1201 omnis
1058 1152 1262 1201 natura
1289 1143 1593 1201 artificiosa
1620 1149 1722 1214 est,
1744 1143 1901 1220 quod
1923 1142 2017 1198 ha-

335 1223 430 1281 bet
465 1223 625 1300 quasi
659 1222 810 1279 viam
846 1222 1133 1298 quandam
1180 1231 1238 1281 et
1266 1231 1495 1295 sectam,
1522 1243 1694 1300 quam
1729 1229 2012 1299 sequatur.

335 1309 427 1359 58.
452 1303 640 1380 Ipsius
659 1323 790 1361 vero
813 1303 1032 1373 mundi,
1059 1304 1158 1380 qui
1181 1304 1376 1360 omnia
1397 1303 1700 1379 complexu
1728 1322 1832 1360 suo
1862 1309 2018 1360 coer-

331 1390 422 1439 cet
451 1391 508 1439 et
536 1383 810 1454 continet,
837 1390 1038 1439 natura
1065 1402 1181 1439 non
1212 1382 1514 1440 artificiosa
1545 1383 1747 1453 solum,
1772 1382 1874 1439 sed
1901 1383 2017 1458 pla-

331 1481 403 1518 ne
426 1463 632 1520 artifex
655 1463 726 1519 ab
756 1463 954 1520 eodem
980 1463 1207 1520 Zenone
1231 1462 1457 1534 dicitur,
1475 1463 1786 1520 consultrix
1809 1469 1867 1519 et
1888 1481 2017 1538 pro-

331 1542 465 1598 vida
491 1543 804 1600 utilitatum
837 1543 1451 1619 opportunitatumque
1473 1543 1749 1600 omnium.
1818 1542 2016 1619 Atque

332 1628 398 1678 ut
426 1630 642 1680 ceterae
670 1630 904 1679 naturae
928 1622 1044 1679 suis
1065 1621 1380 1679 seminibus
1402 1641 1658 1699 quaeque
1679 1622 2011 1698 gignuntur,

331 1710 659 1779 augescunt,
686 1703 1067 1774 continentur,
1094 1703 1175 1760 sic
1203 1710 1406 1760 natura
1433 1702 1636 1760 mundi
1664 1722 1864 1759 omnes
1897 1722 2016 1760 mo-

329 1790 424 1839 tus
446 1783 619 1841 habet
636 1783 985 1840 voluntarios
1007 1789 1359 1860 conatusque
1381 1790 1439 1840 et
1456 1783 1855 1859 appetitioneS,
1875 1802 2015 1859 quas

328 1864 500 1937 ὁρμὰς
528 1863 729 1921 Graeci
757 1870 980 1933 vocant,
1006 1870 1064 1920 et
1091 1862 1183 1919 his
1211 1869 1617 1921 consentaneas
1651 1863 1905 1920 actiones
1934 1863 2014 1920 sic

329 1943 566 2001 adhibet
599 1950 664 2001 ut
692 1949 919 2000 nosmet
954 1942 1081 2019 ipsi,
1110 1943 1210 2019 qui
1236 1943 1443 2000 animis
1476 1962 1775 2000 movemur
1808 1950 1866 2000 et
1894 1963 2015 2000 sen·

329 2022 501 2081 sibuS.
586 2022 740 2080 Talis
768 2023 947 2098 igitur
973 2042 1136 2079 mens
1168 2022 1373 2079 mundi
1401 2042 1533 2080 cum
1568 2023 1642 2080 sit
1672 2023 1746 2079 ob
1776 2042 2014 2100 eamque

329 2122 558 2160 causam
587 2102 674 2159 vel
705 2102 1011 2178 prudentia
1038 2102 1128 2159 vel
1161 2103 1525 2179 providentia
1557 2103 1829 2179 appellari
1862 2111 2014 2160 reete

329 2182 807 2258 possit—Graece
849 2182 1004 2238 enim
1044 2184 1275 2257 πρόνοια
1318 2182 1747 2254 dicitur—haec
1789 2183 2015 2259 potissi-

330 2281 488 2318 mum
513 2262 778 2339 providet
799 2262 937 2319 etin
959 2261 1050 2318 his
1072 2262 1322 2319 maxime
1344 2268 1431 2319 est
1449 2269 1740 2338 occupata,
1763 2263 2012 2338 primum

328 2349 395 2399 ut
416 2342 665 2398 mundus
688 2360 859 2419 quam
882 2342 1213 2418 aptissimus
1241 2342 1316 2398 sit
1337 2342 1412 2399 ad
1434 2342 1899 2418 permanendum,
1922 2343 2016 2399 de-

327 2421 463 2478 inde
487 2430 550 2478 ut
573 2421 728 2478 nulla
755 2441 814 2478 re
843 2428 1023 2497 egeat,
1044 2422 1294 2479 maxime
1322 2428 1514 2479 autem
1545 2422 1690 2478 utin
1715 2441 1782 2479 eo
1806 2422 2015 2479 eximia

327 2501 698 2578 pulchritudo
717 2501 792 2557 sit
810 2508 980 2578 atque
999 2501 1188 2558 omnis
1207 2510 1455 2558 ornatus
1501 2500 1729 2557 XXIII.
1765 2507 1856 2558 59.
1882 2502 2015 2558 Dic-

326 2589 455 2637 tum
477 2588 565 2638 est
585 2581 656 2637 de
679 2581 940 2638 universo
965 2581 1201 2652 mund0,
1223 2581 1442 2638 dictum
1473 2588 1558 2637 est
1581 2581 1753 2637 ctiam
1776 2581 1848 2637 de
1871 2581 2014 2637 sidc-

327 2660 502 2731 ribuS,
534 2667 599 2718 ut
631 2661 747 2717 iam
786 2661 1207 2736 propemodum
1250 2668 1521 2737 appareat
1552 2659 1867 2717 multitudo
1910 2680 2013 2718 nec

327 2741 673 2797 cessantium
714 2740 953 2796 deorum
996 2760 1100 2797 nec
1136 2760 1217 2810 ea,
1250 2760 1394 2817 quae
1427 2746 1618 2816 agant,
1649 2740 2011 2798 molientium

328 2839 458 2876 cum
489 2820 681 2877 labore
710 2839 953 2896 operoso
981 2839 1046 2877 ac
1073 2820 1336 2877 molesto,
1423 2820 1555 2877 Non
1587 2820 1739 2876 enim
1769 2820 1927 2877 venis
1955 2827 2014 2877 et

327 2900 516 2956 nervis
544 2906 603 2956 et
631 2900 854 2956 ossibus
882 2900 1265 2971 continentur,
1291 2919 1396 2978 nec
1425 2899 1496 2955 iis
1531 2899 1672 2955 escis
1700 2907 1800 2957 aut
1828 2901 2013 2977 pot-io·

328 2979 497 3037 nibus
519 2987 840 3046 vescuntur,
862 2986 927 3036 ut
948 2986 1048 3036 aut
1077 2980 1249 3036 nimis
1277 2999 1431 3037 acres
1460 2986 1560 3036 aut
1588 2979 1761 3036 nimis
1790 2999 2014 3037 concre-

327 3065 421 3115 tos
453 3078 682 3115 umores
723 3057 1011 3135 colligant,
1035 3078 1141 3116 nec
1174 3060 1245 3116 iis
1279 3059 1612 3136 corporibus
1655 3065 1803 3130 sunt,
1828 3066 1894 3117 ut
1928 3079 2014 3116 ca-

328 3157 424 3194 sus
452 3149 552 3196 aut
580 3139 727 3196 ictus
756 3139 1130 3196 extimescant
1151 3146 1251 3196 aut
1271 3139 1504 3197 morbos
1529 3145 1795 3196 metuant
1822 3158 1891 3195 ex
1918 3138 2013 3194 de-
