2205 3431
239 101 335 149 108
684 99 783 147 DE
818 98 1120 147 NATURA
1152 98 1472 148 DEORUM.

236 198 427 246 minum
465 196 732 259 perniciem
769 197 1005 258 converti,
1039 211 1356 259 summosque
1389 196 1616 245 homines
1647 205 1696 245 et
1733 198 1926 246 virtutis

237 263 602 311 amantissimos
625 262 883 325 plerosque
908 262 1041 309 mala
1063 262 1263 310 fortuna
1287 278 1399 311 usos
1416 278 1541 310 esse.

320 357 363 415 Ι.
420 362 471 415 1.
517 356 675 425 Quae
732 376 862 413 cum
918 355 1137 413 Balbus
1192 356 1445 427 dixisset,
1476 363 1602 413 tum
1660 356 1930 414 adridens

238 436 448 495 Cotta:
491 436 648 508 Set-0,
678 436 886 512 inquit,
917 436 1080 506 mihi,
1112 436 1313 508 Balbe,
1343 436 1623 514 praecipis
1658 437 1799 513 quid
1831 438 1931 495 de-

237 518 491 575 fendam.
575 516 703 593 Ego
733 517 885 574 enim
915 523 975 573 te
1009 516 1343 593 disputante
1376 516 1516 594 quid
1550 524 1751 573 eontra
1778 517 1930 574 dice-

236 616 358 654 rem
386 616 614 654 mecum
642 597 765 673 ipse
793 595 1130 667 meditabar,
1151 615 1334 673 neque
1363 603 1482 653 tam
1511 595 1810 653 refellendi
1837 598 1927 654 tui

238 697 406 734 causa
440 696 611 753 quam
641 696 722 747 ea,
748 696 892 753 quae
919 678 1113 734 minus
1138 676 1559 753 intellegebam,
1581 677 1925 753 requirendi.

238 756 388 813 Cum
422 764 614 814 autem
645 776 748 813 suo
783 757 988 833 cuique
1018 756 1233 813 iudicio
1268 756 1343 813 sit
1371 756 1669 825 utendum,
1696 755 1929 814 difficile

238 838 399 894 factu
432 843 519 894 est
552 856 645 894 me
677 836 740 893 id
775 837 1000 907 sentire,
1026 835 1183 913 quod
1210 843 1275 893 tu
1309 836 1463 893 velis,
1551 843 1603 893 2.
1647 836 1763 893 Hic
1793 835 1930 894 Vel-

238 915 413 974 leius:
458 916 676 986 NesciS,
697 917 904 993 inquit,
924 925 1138 993 quanta
1166 935 1297 973 cum
1326 916 1767 994 exspectatione,
1788 915 1927 973 Cot-

238 1003 314 1067 ta,
340 997 448 1053 sim
482 1004 540 1053 te
575 996 887 1053 auditurus,
974 996 1267 1053 Iucundus
1308 997 1464 1053 enim
1497 995 1683 1053 Balbo
1725 1004 1928 1053 nostro

239 1096 426 1133 sermo
458 1084 593 1133 tuus
626 1083 826 1134 contra
853 1076 1167 1153 Epicurum
1200 1077 1332 1133 fuit.
1417 1075 1714 1133 Praebebo
1747 1076 1933 1151 igitur

238 1175 331 1213 me
358 1156 469 1214 tibi
496 1157 745 1213 vicissim
774 1163 1060 1213 attentum
1095 1163 1294 1213 eontra
1322 1155 1550 1214 Stoicos
1583 1155 1925 1213 auditorem.

239 1236 419 1313 Spero
462 1237 616 1293 enim
658 1243 733 1306 tc,
764 1243 830 1293 ut
865 1236 1029 1306 soleS‚
1057 1235 1204 1293 bene
1246 1244 1508 1313 paratum
1551 1236 1760 1293 venire.
1870 1243 1926 1293 3.

238 1315 389 1374 Tum
437 1315 651 1374 Cotta:
694 1316 788 1373 Sic
824 1316 1165 1387 mehercule,
1196 1317 1404 1393 inquit,
1433 1315 1638 1374 Vellei.
1722 1315 1930 1391 Neque

239 1398 391 1453 enim
426 1396 573 1453 mihi
601 1415 705 1472 par
736 1396 883 1453 ratio
925 1416 1056 1453 cum
1090 1395 1312 1453 Lucilio
1347 1402 1433 1453 est
1466 1416 1530 1453 ac
1564 1403 1754 1453 tecum
1789 1396 1926 1453 fuit.

239 1475 354 1544 Qui
401 1476 675 1533 tandem?
719 1476 910 1552 inquit
951 1476 1061 1533 ille.
1148 1475 1298 1544 Quia
1337 1476 1483 1533 mihi
1523 1475 1753 1532 videtur
1791 1474 1932 1553 Epi-

239 1576 406 1613 curus
446 1564 634 1613 vester
666 1556 736 1613 de
771 1556 860 1612 dis
893 1556 1314 1613 immortalibus
1347 1576 1464 1613 non
1497 1575 1711 1632 magno
1754 1575 1930 1632 opere

238 1654 525 1713 pugnare:
570 1642 797 1693 tantum
826 1635 1002 1692 modo
1032 1655 1239 1712 negare
1268 1636 1407 1693 deos
1436 1655 1555 1693 esse
1583 1655 1701 1692 non
1730 1636 1928 1707 audet,

238 1737 310 1774 ne
362 1717 501 1794 quid
535 1717 782 1774 invidiae
831 1717 1032 1774 subeat
1080 1724 1180 1774 aut
1228 1717 1500 1774 criminis
1590 1715 1741 1774 Cum
1789 1737 1930 1774 vero

218 1791 378 1854 'deos
411 1797 555 1853 nihil
589 1816 773 1873 agere,
797 1796 942 1853 nihil
976 1816 1170 1853 curare
1204 1796 1504 1854 confirmat
1536 1796 1931 1874 membrisque

238 1877 506 1934 humanis
534 1895 653 1933 esse
675 1877 981 1953 praeditOS,
1003 1877 1102 1933 sed
1126 1896 1323 1933 eorum
1346 1877 1734 1934 membrorum
1757 1897 1925 1934 usum

238 1956 446 2014 habere
476 1956 713 2027 nullum,
738 1957 931 2014 ludere
960 1956 1188 2013 videtur
1215 1958 1465 2034 satisque
1491 1964 1709 2033 putare,
1732 1957 1778 2014 si
1802 1957 1929 2014 dix-

239 2038 347 2094 erit
395 2056 515 2094 esse
565 2037 873 2114 quamdam
921 2036 1146 2094 beat-am
1198 2043 1461 2094 naturam
1510 2045 1569 2094 et
1617 2033 1925 2095 aeternam.

240 2122 292 2174 4.
337 2116 396 2173 A
427 2115 614 2174 Balbo
648 2123 839 2175 autem
875 2117 1330 2174 animadvertisti
1364 2117 1551 2188 cred0,
1577 2136 1748 2193 quam
1781 2118 1932 2173 mul-

237 2204 300 2254 ta
340 2197 495 2254 dicta
535 2197 652 2254 sint
693 2216 997 2274 quamque,
1029 2197 1202 2254 etiam
1238 2197 1286 2253 si
1319 2197 1510 2253 minus
1551 2216 1699 2267 vera,
1728 2204 1926 2254 tamen

239 2284 373 2354 apta
400 2278 550 2335 inter
577 2297 637 2334 se
665 2284 724 2334 et
751 2277 1128 2334 cohaerentia.
1213 2276 1415 2354 Itaque
1450 2277 1662 2353 cogite,
1684 2283 1751 2334 ut
1784 2276 1926 2346 dixi,

237 2377 355 2415 non
389 2364 510 2414 tam
539 2357 794 2415 refellere
828 2358 948 2414 eius
983 2357 1301 2414 orationem
1337 2376 1508 2433 quam
1543 2376 1624 2426 ea,
1651 2375 1794 2434 quae
1820 2358 1931 2413 mi-

239 2458 347 2494 nus
379 2437 650 2507 intellexi,
682 2438 981 2514 requirere.
1066 2436 1196 2505 Qua
1227 2456 1303 2509 re,
1328 2436 1527 2508 Balbe,
1550 2437 1658 2494 tibi
1693 2438 1925 2513 permit·

237 2525 302 2575 to
342 2518 759 2595 responderene
792 2517 938 2575 mihi
970 2517 1137 2574 malis
1170 2517 1242 2574 de
1276 2517 1516 2594 singulis
1549 2517 1717 2573 rebus
1760 2536 1929 2593 quae-

237 2599 388 2656 renti
421 2618 490 2656 ex
523 2605 582 2656 te
617 2618 698 2668 ea,
724 2617 868 2674 quae
901 2617 1105 2675 parum
1139 2598 1351 2673 accepi,
1374 2617 1447 2653 an
1475 2598 1794 2654 universam
1830 2617 1930 2653 au-

239 2678 362 2735 dire
405 2679 724 2736 orationem
757 2697 962 2735 meam.
1048 2677 1200 2735 Tum
1233 2677 1488 2734 Balbus:
1532 2677 1660 2753 Ego
1693 2697 1842 2747 vero,
1875 2677 1925 2733 si

242 2758 383 2835 quid
416 2758 704 2835 explanari
737 2758 846 2815 tibi
889 2758 1060 2830 voleS,
1091 2758 1436 2835 respondere
1470 2757 1658 2815 malo:
1701 2757 1787 2813 sin
1829 2777 1927 2814 me

242 2839 591 2913 interrogare
628 2858 745 2894 non
778 2846 898 2894 tam
933 2839 1306 2914 intellegendi
1340 2857 1507 2895 causa
1549 2856 1720 2914 quam
1761 2836 1930 2893 refel-

241 2917 416 2987 lendi,
440 2926 635 2973 utrum
669 2917 823 2973 voles
850 2918 1079 2988 faciam,
1098 2918 1186 2974 vel
1216 2918 1289 2974 ad
1311 2918 1548 2994 singula,
1572 2937 1714 2995 quae
1742 2918 1927 2993 requi—

243 3016 347 3067 reS,
374 2996 568 3052 statim
603 2997 959 3072 respondebo
994 2997 1098 3067 vel,
1125 3017 1255 3054 eum
1284 2999 1579 3074 perorariS,
1605 2998 1678 3055 ad
1712 2999 1923 3055 omnia.

249 3081 300 3131 5.
345 3075 495 3131 Tum
531 3074 736 3131 Cotta:
787 3076 1038 3151 Optime,
1071 3078 1275 3154 inquit.
1360 3078 1546 3147 Quam
1581 3079 1656 3136 ob
1689 3098 1807 3136 rem
1843 3079 1928 3136 sic

246 3173 498 3229 agamuS,
529 3160 594 3210 ut
648 3173 754 3211 nos
799 3157 925 3230 ipsa
979 3156 1139 3213 ducit
1194 3159 1392 3215 orati0.
1493 3158 1569 3217 ΙΙ.
1630 3159 1746 3216 Sed
1792 3170 1929 3217 ante
