2205 3431
215 110 282 158 68
654 109 752 157 DE
786 109 1088 159 NATURA
1123 109 1446 159 DEORUM.

213 210 557 287 fetigatione
583 210 989 268 membrorum.
1059 210 1219 279 Quae
1241 230 1439 268 verens
1466 210 1747 288 Epicurus
1774 231 1896 269 mo-

214 310 582 367 nogrammos
604 291 744 348 deos
764 298 822 348 et
843 290 986 347 nihil
1005 297 1240 366 agentes
1262 299 1621 348 commentus
1643 299 1744 348 est.
1798 298 1889 349 60.

214 370 306 426 Illi
339 377 531 427 autem
564 371 946 448 pulcherrima
976 371 1168 426 forma
1199 371 1445 447 praediti
1478 371 1894 448 purissimaque

214 450 273 506 in
302 451 534 527 regione
562 451 702 508 caeli
729 451 992 508 collocati
1012 451 1095 507 ita
1122 451 1387 507 feruntur
1412 451 1895 528 moderanturque

214 550 424 601 cursus,
455 537 524 587 ut
554 531 630 587 ad
663 531 858 588 omnia
897 530 1285 588 conservanda
1325 537 1385 587 et
1415 530 1630 587 tuenda
1662 549 1894 588 consen-

213 611 350 667 sisse
378 610 694 668 videantur.

292 689 508 746 Multae
537 697 726 748 autem
758 689 900 747 aliae
927 696 1163 747 naturae
1191 689 1428 746 deorum
1460 709 1527 747 ex
1556 689 1780 766 magnis
1799 688 1896 747 be-

211 769 429 826 neficiis
458 789 654 826 eorum
683 789 799 827 non
830 770 951 826 sine
980 789 1149 827 causa
1176 777 1234 826 et
1255 789 1289 825 a
1309 769 1578 826 Graeciae
1600 770 1896 845 sapientis-

212 849 372 905 simis
406 856 464 906 et
496 869 530 905 a
562 849 873 906 maioribus
914 850 1126 906 nostris
1167 849 1511 906 constitutae
1545 849 1895 906 nominatae-

213 947 323 1004 que
351 935 498 986 sunt.
577 928 872 1005 Quidquid
908 930 1061 986 enim
1091 947 1359 1005 magnam
1390 928 1696 985 utilitatem
1726 947 1896 1004 gene-

210 1008 258 1064 ri
287 1008 536 1065 adferret
564 1008 832 1080 humano,
858 1009 920 1066 id
951 1029 1066 1066 non
1097 1009 1219 1065 sine
1248 1008 1443 1065 divina
1469 1008 1727 1065 bonitate
1760 1027 1897 1084 erga

209 1087 473 1145 homines
500 1087 622 1145 fieri
650 1087 1083 1146 arbitrabantur.
1169 1088 1373 1164 Itaque
1400 1094 1526 1145 tum
1555 1087 1713 1159 illud,
1737 1088 1894 1164 quod

209 1175 330 1225 erat
357 1188 391 1224 a
418 1168 527 1225 deo
555 1174 772 1239 natum,
793 1169 1027 1226 nomine
1049 1169 1231 1244 ipsius
1258 1169 1352 1225 dei
1379 1167 1805 1244 nuncupabant,
1826 1174 1893 1224 ut

210 1266 341 1304 cum
367 1248 565 1324 fruges
592 1247 856 1305 Cererem
884 1248 1256 1325 appellamuS,
1275 1248 1474 1305 vinum
1508 1255 1702 1306 autem
1731 1247 1895 1305 Libe-

209 1346 353 1399 rum,
378 1347 447 1385 ex
477 1347 591 1404 quo
621 1328 764 1385 illud
791 1328 1074 1386 Terentii:

533 1450 652 1499 Sine
679 1449 857 1499 Cerere
883 1459 933 1498 ct
958 1449 1140 1499 Libero
1168 1450 1314 1510 friget
1337 1451 1539 1500 Venus:

210 1572 302 1624 61.
332 1572 458 1624 tum
487 1574 680 1625 autem
708 1587 798 1625 res
818 1568 959 1642 ipsa,
978 1569 1039 1624 in
1064 1587 1178 1644 qua
1196 1569 1283 1624 vis
1304 1569 1453 1624 inest
1474 1567 1657 1624 maior
1683 1567 1891 1644 aliqua,

207 1647 288 1703 sic
310 1648 642 1724 appellatur,
656 1654 721 1705 ut
743 1667 809 1705 ea
830 1648 955 1725 ipsa
977 1649 1061 1705 vis
1087 1648 1418 1704 nominetur
1438 1647 1595 1719 deuS‚
1616 1653 1682 1704 ut
1704 1647 1889 1718 Fides,

207 1735 272 1784 ut
300 1728 480 1800 MenS,
506 1748 644 1805 quas
679 1729 737 1784 in
772 1728 1063 1805 Capitolio
1095 1728 1385 1785 dedicatas
1416 1728 1673 1785 videmus
1705 1728 1896 1804 proxi-

206 1827 299 1864 me
328 1827 362 1864 a
391 1808 466 1865 M.
488 1808 739 1865 Aemilio
769 1807 998 1879 ScaurO,
1023 1815 1156 1865 ante
1190 1814 1381 1865 autem
1418 1807 1490 1864 ab
1518 1807 1703 1864 Atilio
1733 1806 1894 1864 Cala-

206 1888 330 1944 tino
360 1895 480 1944 erat
502 1887 670 1944 Fides
698 1895 1039 1945 consecrata.
1109 1887 1292 1945 Vides
1309 1887 1560 1945 Virtutis
1587 1886 1891 1963 templum,

206 1967 367 2024 vides
394 1967 650 2024 Honoris
679 1986 713 2023 a
741 1967 817 2024 M.
840 1967 1108 2025 Marcello
1139 1974 1491 2038 renovatum,
1516 1967 1673 2043 quod
1693 1966 1894 2025 multis

206 2055 339 2104 ante
367 2047 531 2104 annis
564 2055 683 2104 erat
711 2046 860 2104 bello
890 2047 1186 2123 Ligustico
1219 2067 1253 2103 a
1286 2046 1354 2115 Q.
1380 2046 1634 2103 Maximo
1669 2046 1894 2104 dedica-

205 2133 348 2184 tum.
433 2126 587 2195 Quid
628 2126 809 2204 Opis?
851 2128 991 2204 quid
1032 2126 1282 2185 Salutis?
1331 2127 1470 2203 quid
1514 2126 1890 2198 Concordiae,

206 2206 530 2278 Libertatis,
561 2207 895 2265 Victorian
938 2227 1175 2284 quarum
1221 2207 1481 2264 omnium
1524 2225 1713 2263 rerum
1757 2208 1892 2283 quia

206 2287 291 2343 vis
324 2294 444 2344 erat
476 2294 653 2358 tanta,
677 2294 745 2344 ut
777 2288 898 2344 sine
941 2288 1050 2345 deo
1091 2287 1215 2363 regi
1247 2306 1364 2343 non
1398 2292 1612 2363 posset,
1636 2286 1761 2363 ipsa
1800 2306 1893 2343 res

206 2367 444 2424 deorum
479 2386 690 2425 nomen
727 2367 994 2425 obtinuit.
1079 2366 1210 2435 Quo
1244 2386 1312 2423 ex
1342 2385 1549 2443 genere
1584 2365 1893 2442 Cupidinis

205 2454 264 2504 et
291 2447 626 2525 Voluptatis
660 2454 718 2505 et
750 2446 1087 2504 Libentinae
1117 2446 1360 2504 Veneris
1387 2446 1663 2503 vocabula
1696 2465 1890 2505 conse-

205 2533 361 2584 crata
380 2535 529 2598 sunt,
543 2528 877 2584 vitiosarum
898 2547 1085 2584 rerum
1110 2545 1295 2603 noque
1317 2526 1678 2597 naturalium,
1698 2544 1893 2603 quam-

206 2626 379 2683 quam
407 2607 664 2665 Velleius
690 2608 855 2665 aliter
882 2607 1189 2678 existimat,
1216 2606 1316 2663 sed
1342 2613 1536 2663 tamen
1566 2625 1631 2663 ea
1658 2606 1785 2682 ipsa
1811 2607 1893 2663 vi-

203 2687 286 2743 tia
312 2693 575 2744 naturam
598 2687 991 2744 vehementius
1019 2706 1187 2763 saepe
1214 2686 1461 2763 pulsant.
1532 2691 1625 2743 62.
1657 2685 1894 2744 Utilita-

203 2773 328 2822 tum
358 2767 536 2843 igitur
564 2767 961 2842 magnitudine
989 2766 1289 2824 constituti
1319 2773 1453 2823 sunt
1481 2766 1523 2823 ii
1551 2766 1629 2837 di,
1656 2767 1754 2843 qui
1783 2767 1893 2823 uti-

204 2845 394 2902 litates
423 2865 673 2923 quasque
701 2846 1034 2922 gignebant.
1100 2847 1300 2923 Atque
1326 2845 1417 2902 his
1447 2846 1678 2923 quidem
1708 2847 1892 2903 nomi-

208 2925 390 2995 nibuS‚
413 2944 556 3001 quae
577 2925 749 3001 paulo
778 2933 911 2983 ante
939 2927 1094 2983 dicta
1123 2933 1272 2998 sunt,
1295 2945 1438 3003 quae
1460 2926 1546 2982 vis
1574 2926 1650 2983 sit
1670 2926 1731 2983 in
1755 2945 1893 3003 quo-

206 3023 316 3081 que
345 3003 663 3061 declaratur
691 3004 816 3061 de0.

283 3083 511 3141 XXIV.
545 3082 810 3160 Suscepit
831 3089 1024 3142 autem
1046 3085 1166 3143 vita
1186 3084 1490 3142 hominnm
1513 3086 1893 3143 consuetudo-

206 3183 316 3240 que
349 3163 689 3235 communiS‚
714 3170 782 3220 ut
806 3163 1100 3222 beneficiis
1132 3165 1469 3223 excellentes
1498 3165 1649 3222 viros
1677 3165 1737 3222 in
1773 3185 1894 3223 cae-

178 3269 183 3272 ’
210 3281 255 3329 k
