2205 3431
174 105 239 152 12
615 102 716 151 DE
748 102 1047 153 NATURA
1078 103 1402 154 DEORUM.

173 221 361 260 carere
401 203 699 279 potuisset.
785 209 878 260 23.
910 203 1007 265 An
1049 203 1205 274 haec,
1242 212 1308 261 ιιι
1349 206 1470 261 fere
1512 204 1718 276 dicitis,
1750 205 1851 262 ho-

174 282 397 338 minum
425 302 593 339 causa
620 302 654 339 a
675 282 783 340 deo
814 283 1129 340 constituta
1156 285 1330 340 sunt?
1400 284 1851 360 Sapientumne?

172 369 411 441 propter
442 381 656 439 paucos
696 381 831 438 ergo
865 370 1028 419 tanta
1067 371 1156 421 est
1187 364 1342 420 facta
1381 381 1569 420 rerum
1603 364 1846 422 molitio,

174 444 270 497 An
315 441 659 500 stultorum?
738 444 823 498 At
858 442 1108 518 primum
1147 461 1315 499 causa
1347 461 1462 499 non
1495 442 1613 500 fuit
1644 463 1746 501 cur
1777 445 1850 502 dc

173 521 453 598 improbis
474 521 618 578 bene
639 530 981 578 mereretur:
1017 521 1224 580 deinde
1254 522 1394 598 quid
1416 531 1502 580 est
1530 522 1847 594 adsecutus,

174 621 306 658 cum
341 621 541 659 omues
573 602 735 658 stulti
763 602 879 658 sint
907 601 1027 658 sine
1050 601 1229 659 dubio
1256 602 1576 673 miserrimi,
1601 604 1850 661 maxime

174 681 334 758 quod
362 681 524 739 stulti
566 681 1040 739 sunt—-miserius
1081 682 1234 738 enim
1271 681 1515 739 stultitia
1548 683 1688 760 quid
1721 703 1851 760 pos·

174 780 371 818 sumus
419 760 980 832 dicereZ—deinde,
1022 761 1181 853 quod
1227 762 1310 819 ita
1355 761 1540 819 multa
1586 770 1720 819 suut
1766 763 1851 819 in-

173 840 514 897 commoda'
498 859 558 897 111
581 840 713 911 vita,
734 848 800 898 ut
827 860 895 899 ea
921 841 1208 918 sapientes
1233 841 1670 899 commodorum
1698 861 1849 900 com·

172 920 511 1012 pensatione
554 920 784 991 leniant,
821 920 983 978 stulti
1023 940 1130 978 nec
1169 921 1351 978 vitare
1394 921 1682 979 venientia
1720 941 1852 1014 pos-

176 1001 292 1057 sint
319 1019 423 1057 nec
451 1001 600 1057 ferre
626 1001 960 1077 praesentia.
1031 1000 1108 1058 X.
1155 999 1268 1068 Qui
1295 1020 1429 1059 vero
1457 1001 1781 1059 mundum
1767 1022 1852 1078 1p-

173 1099 301 1137 sum
343 1079 694 1137 animantem
743 1080 1172 1157 sapientemque
1215 1100 1335 1138 esse
1377 1081 1659 1153 dixerunt,
1690 1081 1851 1138 nullo

172 1159 349 1216 modo
384 1159 651 1217 viderunt
691 1160 868 1217 animi
908 1168 1111 1217 natura
1151 1159 1536 1236 intellegentis
1576 1161 1636 1217 in
1677 1180 1848 1238 quam

172 1239 414 1315 figuram
443 1239 641 1297 cadero
662 1246 890 1316 posset:
933 1239 1005 1296 de
1028 1259 1143 1316 quo
1167 1240 1351 1297 dicam
1384 1240 1650 1316 equidem
1676 1241 1851 1317 paulo

172 1326 321 1396 post.
409 1324 501 1377 24.
533 1319 703 1376 Nunc
744 1326 936 1376 autem
968 1318 1245 1376 hactenus
1284 1319 1612 1377 admirabor
1648 1339 1850 1377 eorum

173 1399 520 1468 tarditatem,
553 1399 652 1475 qui
691 1399 1038 1456 animantem
1073 1399 1456 1456 immortalem
1497 1409 1556 1458 et
1602 1401 1847 1458 eundem

173 1479 405 1535 beatum
439 1478 751 1536 rotundum
786 1498 906 1536 esse
940 1478 1135 1550 velint,
1168 1479 1324 1556 quod
1358 1498 1424 1536 ea
1454 1479 1645 1535 forma
1676 1486 1850 1555 neget

174 1559 345 1615 ullam
377 1578 497 1615 esse
524 1558 904 1634 pulchriorem
936 1558 1122 1616 Plato.
1204 1558 1289 1615 At
1316 1558 1461 1614 mihi
1487 1558 1575 1615 vel
1604 1558 1851 1634 cylindri

173 1639 263 1697 vel
293 1639 554 1715 quadrati
584 1638 672 1695 vel
705 1639 836 1695 coni
865 1638 952 1695 vel
980 1637 1298 1714 pyramidis
1324 1637 1554 1695 videtur
1584 1657 1704 1695 esse
1737 1639 1853 1695 for-

175 1721 403 1777 mosior.
489 1719 646 1788 Quae
674 1738 809 1776 vero
838 1719 957 1776 vita
988 1718 1262 1775 tribuitur
1294 1719 1390 1775 isti
1423 1718 1674 1775 rotundo
1707 1719 1854 1775 deo?

175 1800 399 1890 Nempe
432 1806 498 1856 ιιι
530 1819 598 1856 ea
628 1798 914 1856 celeritate
947 1804 1407 1875 contorqueatur,
1437 1798 1529 1855 cui
1563 1817 1666 1874 par
1697 1798 1855 1855 nulla

175 1899 247 1937 ne
274 1879 515 1956 cogitari
545 1878 775 1955 quidem
805 1877 1020 1954 possit:
1055 1878 1116 1935 in
1140 1897 1253 1969 qna
1279 1897 1396 1934 non
1420 1878 1586 1935 video
1615 1877 1851 1935 ubinam

174 1979 337 2017 mens
364 1966 631 2016 constans
659 1964 718 2015 et
743 1958 863 2015 vita
889 1957 1057 2015 beata
1075 1958 1274 2049 possit
1300 1958 1576 2015 insist-ere.
1659 1956 1855 2026 Quod-

177 2059 286 2117 que
320 2039 381 2096 in
413 2045 610 2095 nostro
644 2057 899 2114 corpore,
930 2037 977 2094 si
1011 2037 1253 2094 minima
1289 2057 1359 2094 ex
1392 2044 1554 2114 parte
1582 2036 1611 2112 †
1640 2037 1854 2114 signifi-

176 2127 351 2190 cetur,
383 2118 688 2175 molestum
719 2119 810 2188 sit,
835 2137 935 2175 cur
960 2117 1071 2174 hoc
1099 2117 1253 2174 idem
1283 2137 1400 2174 non
1428 2117 1706 2174 habeatur
1731 2137 1855 2173 mo-

176 2199 426 2256 lestum
411 2218 471 2255 ιιι
501 2199 644 2255 (160.
629 2199 649 2239 ²
728 2197 902 2255 Terra
922 2198 1074 2254 enim
1096 2198 1377 2273 profectO,
1399 2198 1669 2273 quoniam
1691 2216 1856 2253 mun-

176 2280 237 2336 di
271 2298 401 2356 pars
434 2285 536 2347 est,
566 2296 696 2355 pars
729 2284 815 2334 est
850 2277 1022 2334 etiam
1052 2277 1162 2334 dei.
1248 2277 1431 2353 Atqui
1465 2284 1646 2334 terrae
1677 2276 1856 2333 maxi-

177 2379 301 2416 mas
340 2358 605 2435 regiones
643 2356 1043 2414 inhabitabiles
1084 2364 1257 2433 atque
1299 2355 1542 2413 incultas
1573 2356 1854 2425 videmuS,

179 2439 335 2516 quod
368 2457 499 2529 pars
532 2456 723 2495 earum
759 2437 1002 2513 appulsu
1041 2436 1180 2492 solis
1219 2436 1504 2507 exarserit,
1535 2455 1667 2516 pars
1708 2435 1858 2492 obri-

178 2519 368 2595 guerit
426 2518 557 2575 nive
611 2516 927 2594 pruinaque
982 2516 1302 2607 longinquo
1361 2515 1498 2572 solis
1557 2504 1854 2572 abscessu:

181 2618 341 2675 quae,
379 2599 426 2655 si
474 2598 725 2655 mundus
773 2606 860 2654 est
904 2596 1059 2666 deuS,
1093 2595 1365 2672 quoniam
1413 2595 1619 2651 mundi
1665 2602 1859 2671 partes

181 2685 331 2750 sunt,
352 2679 445 2736 dei
465 2678 723 2735 membra
744 2677 953 2754 partim
984 2676 1258 2747 ardentia,
1283 2675 1495 2752 partim
1523 2674 1860 2751 refrigerata

181 2759 424 2816 dicenda
451 2766 600 2816 sunt.

170 2851 215 2872 s
263 2845 356 2895 25.
401 2837 596 2914 Atque
643 2836 783 2894 haec
832 2836 1065 2912 quidem
1112 2841 1315 2905 xestra,
1359 2831 1557 2890 Lucili.
1655 2831 1860 2900 Qualia

181 2939 317 2976 vero
346 2917 457 2975 alia
485 2916 600 2974 sint
628 2917 698 2973 ab
727 2916 933 2974 ultimo
966 2922 1220 2992 repetam
1255 2913 1629 2990 superiorum.
1711 2911 1860 2968 Tha·

182 2999 265 3056 les
293 2999 447 3056 enim
476 2996 748 3066 Milesius,
781 2997 881 3072 qui
908 2996 1128 3088 primus
1156 2995 1227 3051 de
1255 2993 1464 3051 talibus
1496 2992 1664 3050 rebus
1692 3010 1859 3067 quac-

185 3079 331 3149 sivit,
363 3096 566 3153 aquam
603 3076 750 3133 dixit
782 3095 901 3133 esse
942 3075 1174 3132 initium
1215 3093 1420 3142 rerum,
1451 3073 1622 3129 deum
1665 3079 1853 3128 autem

184 3178 311 3218 eam
344 3163 614 3228 mentem,
648 3175 791 3232 quae
829 3175 898 3213 ex
940 3173 1087 3232 aqua
1127 3160 1332 3211 cuncta
1363 3152 1617 3229 fingeret.
1699 3150 1761 3209 Si
1791 3150 1853 3209 di

162 3311 197 3351 h
