<?xml version="1.0" encoding="UTF-8"?>
<!DOCTYPE html PUBLIC "-//W3C//DTD XHTML 1.0 Transitional//EN"
    "http://www.w3.org/TR/xhtml1/DTD/xhtml1-transitional.dtd">
<html xmlns="http://www.w3.org/1999/xhtml" xml:lang="en" lang="en">
 <head>
  <title>
</title>
<meta http-equiv="Content-Type" content="text/html;charset=utf-8" />
  <meta name='ocr-system' content='tesseract 3.04.00' />
  <meta name='ocr-capabilities' content='ocr_page ocr_carea ocr_par ocr_line ocrx_word'/>
</head>
<body>
  <div class='ocr_page' id='page_1' title='image "./defato00cicegoog_0024.png"; bbox 0 0 2205 3431; ppageno 0'>
   <div class='ocr_carea' id='block_1_1' title="bbox 206 83 1433 135">
    <p class='ocr_par' dir='ltr' id='par_1_1' title="bbox 206 83 1433 135">
     <span class='ocr_line' id='line_1_1' title="bbox 206 83 1433 135; baseline 0 -2"><span class='ocrx_word' id='word_1_1' title='bbox 206 88 267 133; x_wconf 72' lang='lat'>14</span> <span class='ocrx_word' id='word_1_2' title='bbox 650 86 749 135; x_wconf 79' lang='lat' dir='ltr'>DE</span> <span class='ocrx_word' id='word_1_3' title='bbox 783 84 1080 134; x_wconf 86' lang='lat' dir='ltr'>NATURA</span> <span class='ocrx_word' id='word_1_4' title='bbox 1112 83 1433 134; x_wconf 80' lang='lat' dir='ltr'><strong>DEORUM.</strong></span> 
     </span>
    </p>
   </div>
   <div class='ocr_carea' id='block_1_2' title="bbox 201 186 1887 3215">
    <p class='ocr_par' dir='ltr' id='par_1_2' title="bbox 201 186 1887 3215">
     <span class='ocr_line' id='line_1_2' title="bbox 205 186 1884 264; baseline 0.001 -21"><span class='ocrx_word' id='word_1_5' title='bbox 205 187 386 244; x_wconf 90' lang='lat' dir='ltr'>voluit</span> <span class='ocrx_word' id='word_1_6' title='bbox 413 206 548 258; x_wconf 86' lang='lat' dir='ltr'>esse,</span> <span class='ocrx_word' id='word_1_7' title='bbox 572 187 644 244; x_wconf 92' lang='lat' dir='ltr'>de</span> <span class='ocrx_word' id='word_1_8' title='bbox 678 188 802 264; x_wconf 88' lang='lat' dir='ltr'>ipsa</span> <span class='ocrx_word' id='word_1_9' title='bbox 834 194 1028 244; x_wconf 89' lang='lat' dir='ltr'>mente</span> <span class='ocrx_word' id='word_1_10' title='bbox 1055 187 1197 243; x_wconf 88' lang='lat' dir='ltr'>item</span> <span class='ocrx_word' id='word_1_11' title='bbox 1226 186 1675 263; x_wconf 79' lang='lat' dir='ltr'>reprehenditur,</span> <span class='ocrx_word' id='word_1_12' title='bbox 1700 194 1765 245; x_wconf 91' lang='lat' dir='ltr'>ut</span> <span class='ocrx_word' id='word_1_13' title='bbox 1798 207 1884 245; x_wconf 90' lang='lat' dir='ltr'>ce-</span> 
     </span>
     <span class='ocr_line' id='line_1_3' title="bbox 202 266 1881 344; baseline 0 -20"><span class='ocrx_word' id='word_1_14' title='bbox 202 267 326 337; x_wconf 84' lang='lat' dir='ltr'>teri,</span> <span class='ocrx_word' id='word_1_15' title='bbox 349 267 420 323; x_wconf 89' lang='lat' dir='ltr'>de</span> <span class='ocrx_word' id='word_1_16' title='bbox 440 267 722 324; x_wconf 88' lang='lat' dir='ltr'>infinitate</span> <span class='ocrx_word' id='word_1_17' title='bbox 745 274 935 324; x_wconf 90' lang='lat' dir='ltr'>autem</span> <span class='ocrx_word' id='word_1_18' title='bbox 959 266 1367 337; x_wconf 81' lang='lat' dir='ltr'>vehementiuS,</span> <span class='ocrx_word' id='word_1_19' title='bbox 1388 267 1448 323; x_wconf 91' lang='lat' dir='ltr'>in</span> <span class='ocrx_word' id='word_1_20' title='bbox 1478 287 1591 344; x_wconf 90' lang='lat' dir='ltr'>qua</span> <span class='ocrx_word' id='word_1_21' title='bbox 1617 267 1759 324; x_wconf 88' lang='lat' dir='ltr'>nihil</span> <span class='ocrx_word' id='word_1_22' title='bbox 1789 287 1881 325; x_wconf 89' lang='lat' dir='ltr'>ne-</span> 
     </span>
     <span class='ocr_line' id='line_1_4' title="bbox 204 346 1880 424; baseline 0.001 -21"><span class='ocrx_word' id='word_1_23' title='bbox 204 365 314 422; x_wconf 91' lang='lat' dir='ltr'>que</span> <span class='ocrx_word' id='word_1_24' title='bbox 356 347 605 404; x_wconf 87' lang='lat' dir='ltr'>sentiens</span> <span class='ocrx_word' id='word_1_25' title='bbox 647 366 831 424; x_wconf 89' lang='lat' dir='ltr'>neque</span> <span class='ocrx_word' id='word_1_26' title='bbox 864 346 1235 403; x_wconf 88' lang='lat' dir='ltr'>coniunctum</span> <span class='ocrx_word' id='word_1_27' title='bbox 1269 353 1464 423; x_wconf 89' lang='lat' dir='ltr'>potest</span> <span class='ocrx_word' id='word_1_28' title='bbox 1504 366 1639 404; x_wconf 89' lang='lat' dir='ltr'>esse.</span> <span class='ocrx_word' id='word_1_29' title='bbox 1730 346 1880 404; x_wconf 88' lang='lat' dir='ltr'>Nam</span> 
     </span>
     <span class='ocr_line' id='line_1_5' title="bbox 203 426 1881 503; baseline 0.001 -20"><span class='ocrx_word' id='word_1_30' title='bbox 203 426 576 483; x_wconf 84' lang='lat' dir='ltr'>Parmenides</span> <span class='ocrx_word' id='word_1_31' title='bbox 605 426 838 503; x_wconf 90' lang='lat' dir='ltr'>quidem</span> <span class='ocrx_word' id='word_1_32' title='bbox 872 426 1295 483; x_wconf 79' lang='lat' dir='ltr'>conventicium</span> <span class='ocrx_word' id='word_1_33' title='bbox 1331 426 1606 503; x_wconf 87' lang='lat' dir='ltr'>quiddam</span> <span class='ocrx_word' id='word_1_34' title='bbox 1640 446 1881 484; x_wconf 88' lang='lat' dir='ltr'>coronae</span> 
     </span>
     <span class='ocr_line' id='line_1_6' title="bbox 202 505 1884 583; baseline 0.001 -21"><span class='ocrx_word' id='word_1_35' title='bbox 202 505 388 563; x_wconf 88' lang='lat' dir='ltr'>simile</span> <span class='ocrx_word' id='word_1_36' title='bbox 429 505 997 583; x_wconf 87' lang='lat' dir='ltr'>efficit—stephanen</span> <span class='ocrx_word' id='word_1_37' title='bbox 1041 506 1763 583; x_wconf 87' lang='lat' dir='ltr'>appellat—continentem</span> <span class='ocrx_word' id='word_1_38' title='bbox 1801 527 1884 564; x_wconf 88' lang='lat' dir='ltr'>ar-</span> 
     </span>
     <span class='ocr_line' id='line_1_7' title="bbox 203 585 1884 664; baseline 0.001 -22"><span class='ocrx_word' id='word_1_39' title='bbox 203 585 401 643; x_wconf 89' lang='lat' dir='ltr'>dorem</span> <span class='ocrx_word' id='word_1_40' title='bbox 422 586 566 642; x_wconf 91' lang='lat' dir='ltr'>lucis</span> <span class='ocrx_word' id='word_1_41' title='bbox 594 585 808 656; x_wconf 90' lang='lat' dir='ltr'>orbem,</span> <span class='ocrx_word' id='word_1_42' title='bbox 835 586 934 662; x_wconf 90' lang='lat' dir='ltr'>qui</span> <span class='ocrx_word' id='word_1_43' title='bbox 962 586 1156 663; x_wconf 88' lang='lat' dir='ltr'>cingat</span> <span class='ocrx_word' id='word_1_44' title='bbox 1177 586 1412 657; x_wconf 89' lang='lat' dir='ltr'>caelum,</span> <span class='ocrx_word' id='word_1_45' title='bbox 1434 606 1603 663; x_wconf 90' lang='lat' dir='ltr'>quem</span> <span class='ocrx_word' id='word_1_46' title='bbox 1634 587 1884 664; x_wconf 88' lang='lat' dir='ltr'>appellat</span> 
     </span>
     <span class='ocr_line' id='line_1_8' title="bbox 203 665 1883 743; baseline 0.001 -22"><span class='ocrx_word' id='word_1_47' title='bbox 203 665 392 736; x_wconf 89' lang='lat' dir='ltr'>deum,</span> <span class='ocrx_word' id='word_1_48' title='bbox 417 666 477 722; x_wconf 90' lang='lat' dir='ltr'>in</span> <span class='ocrx_word' id='word_1_49' title='bbox 510 685 624 742; x_wconf 90' lang='lat' dir='ltr'>quo</span> <span class='ocrx_word' id='word_1_50' title='bbox 653 685 838 742; x_wconf 90' lang='lat' dir='ltr'>neque</span> <span class='ocrx_word' id='word_1_51' title='bbox 872 665 1114 742; x_wconf 87' lang='lat' dir='ltr'>figuram</span> <span class='ocrx_word' id='word_1_52' title='bbox 1148 665 1399 722; x_wconf 89' lang='lat' dir='ltr'>divinam</span> <span class='ocrx_word' id='word_1_53' title='bbox 1436 686 1620 743; x_wconf 89' lang='lat' dir='ltr'>neque</span> <span class='ocrx_word' id='word_1_54' title='bbox 1654 686 1883 724; x_wconf 89' lang='lat' dir='ltr'>sensum</span> 
     </span>
     <span class='ocr_line' id='line_1_9' title="bbox 204 745 1883 822; baseline 0.001 -21"><span class='ocrx_word' id='word_1_55' title='bbox 204 745 506 821; x_wconf 85' lang='lat' dir='ltr'>quisquam</span> <span class='ocrx_word' id='word_1_56' title='bbox 550 746 822 821; x_wconf 87' lang='lat' dir='ltr'>suspicari</span> <span class='ocrx_word' id='word_1_57' title='bbox 864 753 1071 822; x_wconf 87' lang='lat' dir='ltr'>potest,</span> <span class='ocrx_word' id='word_1_58' title='bbox 1095 746 1391 822; x_wconf 89' lang='lat' dir='ltr'>multaque</span> <span class='ocrx_word' id='word_1_59' title='bbox 1433 746 1688 804; x_wconf 88' lang='lat' dir='ltr'>eiusdem</span> <span class='ocrx_word' id='word_1_60' title='bbox 1721 747 1883 803; x_wconf 91' lang='lat' dir='ltr'>modi</span> 
     </span>
     <span class='ocr_line' id='line_1_10' title="bbox 202 825 1884 904; baseline 0.002 -24"><span class='ocrx_word' id='word_1_61' title='bbox 202 833 475 896; x_wconf 88' lang='lat' dir='ltr'>monstra,</span> <span class='ocrx_word' id='word_1_62' title='bbox 503 825 715 902; x_wconf 89' lang='lat' dir='ltr'>quippe</span> <span class='ocrx_word' id='word_1_63' title='bbox 751 825 851 902; x_wconf 92' lang='lat' dir='ltr'>qui</span> <span class='ocrx_word' id='word_1_64' title='bbox 885 825 1115 896; x_wconf 90' lang='lat' dir='ltr'>bellum,</span> <span class='ocrx_word' id='word_1_65' title='bbox 1138 826 1236 902; x_wconf 89' lang='lat' dir='ltr'>qui</span> <span class='ocrx_word' id='word_1_66' title='bbox 1270 825 1633 895; x_wconf 83' lang='lat' dir='ltr'>discordiam,</span> <span class='ocrx_word' id='word_1_67' title='bbox 1659 827 1758 904; x_wconf 91' lang='lat' dir='ltr'>qui</span> <span class='ocrx_word' id='word_1_68' title='bbox 1792 846 1884 883; x_wconf 94' lang='lat' dir='ltr'>cu-</span> 
     </span>
     <span class='ocr_line' id='line_1_11' title="bbox 202 904 1885 982; baseline 0.002 -22"><span class='ocrx_word' id='word_1_69' title='bbox 202 904 506 980; x_wconf 87' lang='lat' dir='ltr'>piditatem</span> <span class='ocrx_word' id='word_1_70' title='bbox 536 914 833 982; x_wconf 88' lang='lat' dir='ltr'>ceteraque</span> <span class='ocrx_word' id='word_1_71' title='bbox 870 905 1094 982; x_wconf 90' lang='lat' dir='ltr'>generis</span> <span class='ocrx_word' id='word_1_72' title='bbox 1137 906 1391 973; x_wconf 80' lang='lat' dir='ltr'>eiusdem</span> <span class='ocrx_word' id='word_1_73' title='bbox 1422 906 1494 962; x_wconf 90' lang='lat' dir='ltr'>ad</span> <span class='ocrx_word' id='word_1_74' title='bbox 1523 904 1694 963; x_wconf 90' lang='lat' dir='ltr'>deum</span> <span class='ocrx_word' id='word_1_75' title='bbox 1728 926 1885 963; x_wconf 88' lang='lat' dir='ltr'>revo-</span> 
     </span>
     <span class='ocr_line' id='line_1_12' title="bbox 203 982 1885 1060; baseline 0.001 -19"><span class='ocrx_word' id='word_1_76' title='bbox 203 991 309 1054; x_wconf 86' lang='lat' dir='ltr'>cet,</span> <span class='ocrx_word' id='word_1_77' title='bbox 336 1003 478 1060; x_wconf 89' lang='lat' dir='ltr'>quae</span> <span class='ocrx_word' id='word_1_78' title='bbox 512 984 600 1041; x_wconf 88' lang='lat' dir='ltr'>vel</span> <span class='ocrx_word' id='word_1_79' title='bbox 632 985 835 1042; x_wconf 91' lang='lat' dir='ltr'>morbo</span> <span class='ocrx_word' id='word_1_80' title='bbox 870 986 957 1043; x_wconf 89' lang='lat' dir='ltr'>vel</span> <span class='ocrx_word' id='word_1_81' title='bbox 991 1005 1195 1043; x_wconf 90' lang='lat' dir='ltr'>somno</span> <span class='ocrx_word' id='word_1_82' title='bbox 1225 986 1309 1042; x_wconf 88' lang='lat' dir='ltr'>vel</span> <span class='ocrx_word' id='word_1_83' title='bbox 1355 982 1640 1043; x_wconf 65' lang='lat' dir='ltr'>oblivione</span> <span class='ocrx_word' id='word_1_84' title='bbox 1675 987 1762 1044; x_wconf 90' lang='lat' dir='ltr'>vel</span> <span class='ocrx_word' id='word_1_85' title='bbox 1796 1007 1885 1042; x_wconf 86' lang='lat' dir='ltr'>vc-</span> 
     </span>
     <span class='ocr_line' id='line_1_13' title="bbox 201 1064 1885 1144; baseline 0.002 -24"><span class='ocrx_word' id='word_1_86' title='bbox 201 1071 415 1122; x_wconf 84' lang='lat' dir='ltr'>tustate</span> <span class='ocrx_word' id='word_1_87' title='bbox 449 1064 723 1136; x_wconf 85' lang='lat' dir='ltr'>delentur,</span> <span class='ocrx_word' id='word_1_88' title='bbox 750 1065 1062 1142; x_wconf 85' lang='lat' dir='ltr'>eademque</span> <span class='ocrx_word' id='word_1_89' title='bbox 1095 1065 1167 1122; x_wconf 91' lang='lat' dir='ltr'>de</span> <span class='ocrx_word' id='word_1_90' title='bbox 1203 1065 1498 1136; x_wconf 89' lang='lat' dir='ltr'>sideribus,</span> <span class='ocrx_word' id='word_1_91' title='bbox 1524 1086 1668 1144; x_wconf 88' lang='lat' dir='ltr'>quae</span> <span class='ocrx_word' id='word_1_92' title='bbox 1704 1086 1885 1143; x_wconf 85' lang='lat' dir='ltr'>repre-</span> 
     </span>
     <span class='ocr_line' id='line_1_14' title="bbox 203 1143 1878 1203; baseline 0.002 -4"><span class='ocrx_word' id='word_1_93' title='bbox 203 1143 381 1200; x_wconf 90' lang='lat' dir='ltr'>hensa</span> <span class='ocrx_word' id='word_1_94' title='bbox 423 1145 539 1201; x_wconf 87' lang='lat' dir='ltr'>iam</span> <span class='ocrx_word' id='word_1_95' title='bbox 584 1145 645 1201; x_wconf 90' lang='lat' dir='ltr'>in</span> <span class='ocrx_word' id='word_1_96' title='bbox 689 1146 800 1203; x_wconf 90' lang='lat' dir='ltr'>alio</span> <span class='ocrx_word' id='word_1_97' title='bbox 845 1147 906 1202; x_wconf 90' lang='lat' dir='ltr'>in</span> <span class='ocrx_word' id='word_1_98' title='bbox 951 1146 1061 1202; x_wconf 91' lang='lat' dir='ltr'>hoc</span> <span class='ocrx_word' id='word_1_99' title='bbox 1108 1146 1463 1203; x_wconf 85' lang='lat' dir='ltr'>omittantur.</span> <span class='ocrx_word' id='word_1_100' title='bbox 1563 1146 1699 1203; x_wconf 90' lang='lat' dir='ltr'><strong>XII.</strong></span> <span class='ocrx_word' id='word_1_101' title='bbox 1787 1153 1818 1202; x_wconf 81' lang='lat'>2</span> <span class='ocrx_word' id='word_1_102' title='bbox 1867 1191 1878 1203; x_wconf 91' lang='lat'><strong>.</strong></span> 
     </span>
     <span class='ocr_line' id='line_1_15' title="bbox 204 1222 1880 1302; baseline 0.002 -24"><span class='ocrx_word' id='word_1_103' title='bbox 204 1222 583 1299; x_wconf 89' lang='lat' dir='ltr'>Empedocles</span> <span class='ocrx_word' id='word_1_104' title='bbox 624 1232 817 1282; x_wconf 90' lang='lat' dir='ltr'>autem</span> <span class='ocrx_word' id='word_1_105' title='bbox 860 1225 1044 1282; x_wconf 81' lang='lat' dir='ltr'>inulta</span> <span class='ocrx_word' id='word_1_106' title='bbox 1093 1225 1203 1282; x_wconf 87' lang='lat' dir='ltr'>alia</span> <span class='ocrx_word' id='word_1_107' title='bbox 1247 1245 1488 1302; x_wconf 88' lang='lat' dir='ltr'>peccans</span> <span class='ocrx_word' id='word_1_108' title='bbox 1532 1226 1592 1282; x_wconf 90' lang='lat' dir='ltr'>in</span> <span class='ocrx_word' id='word_1_109' title='bbox 1645 1227 1880 1283; x_wconf 87' lang='lat' dir='ltr'>deorum</span> 
     </span>
     <span class='ocr_line' id='line_1_16' title="bbox 205 1304 1881 1380; baseline 0.001 -21"><span class='ocrx_word' id='word_1_110' title='bbox 205 1304 477 1380; x_wconf 90' lang='lat' dir='ltr'>opinione</span> <span class='ocrx_word' id='word_1_111' title='bbox 498 1305 824 1380; x_wconf 82' lang='lat' dir='ltr'>turpissime</span> <span class='ocrx_word' id='word_1_112' title='bbox 845 1305 1068 1362; x_wconf 83' lang='lat' dir='ltr'>labitur.</span> <span class='ocrx_word' id='word_1_113' title='bbox 1140 1305 1426 1373; x_wconf 83' lang='lat' dir='ltr'>Quattuor</span> <span class='ocrx_word' id='word_1_114' title='bbox 1453 1306 1604 1362; x_wconf 90' lang='lat' dir='ltr'>enim</span> <span class='ocrx_word' id='word_1_115' title='bbox 1634 1313 1881 1377; x_wconf 80' lang='lat' dir='ltr'>naturaS,</span> 
     </span>
     <span class='ocr_line' id='line_1_17' title="bbox 204 1383 1879 1460; baseline 0.001 -20"><span class='ocrx_word' id='word_1_116' title='bbox 204 1403 274 1440; x_wconf 85' lang='lat' dir='ltr'>cx</span> <span class='ocrx_word' id='word_1_117' title='bbox 309 1383 514 1460; x_wconf 91' lang='lat' dir='ltr'>quibus</span> <span class='ocrx_word' id='word_1_118' title='bbox 548 1385 743 1441; x_wconf 89' lang='lat' dir='ltr'>omnia</span> <span class='ocrx_word' id='word_1_119' title='bbox 783 1392 1041 1442; x_wconf 88' lang='lat' dir='ltr'>constare</span> <span class='ocrx_word' id='word_1_120' title='bbox 1083 1394 1292 1455; x_wconf 88' lang='lat' dir='ltr'>censet,</span> <span class='ocrx_word' id='word_1_121' title='bbox 1318 1386 1542 1441; x_wconf 83' lang='lat' dir='ltr'>divinas</span> <span class='ocrx_word' id='word_1_122' title='bbox 1584 1405 1705 1442; x_wconf 91' lang='lat' dir='ltr'>esse</span> <span class='ocrx_word' id='word_1_123' title='bbox 1741 1386 1879 1454; x_wconf 88' lang='lat' dir='ltr'>vult,</span> 
     </span>
     <span class='ocr_line' id='line_1_18' title="bbox 206 1464 1881 1541; baseline 0.001 -22"><span class='ocrx_word' id='word_1_124' title='bbox 206 1483 347 1539; x_wconf 91' lang='lat' dir='ltr'>quas</span> <span class='ocrx_word' id='word_1_125' title='bbox 389 1472 446 1520; x_wconf 94' lang='lat' dir='ltr'>et</span> <span class='ocrx_word' id='word_1_126' title='bbox 486 1464 642 1521; x_wconf 90' lang='lat' dir='ltr'>nasci</span> <span class='ocrx_word' id='word_1_127' title='bbox 676 1473 733 1521; x_wconf 89' lang='lat' dir='ltr'>et</span> <span class='ocrx_word' id='word_1_128' title='bbox 767 1465 1055 1541; x_wconf 82' lang='lat' dir='ltr'>exstingui</span> <span class='ocrx_word' id='word_1_129' title='bbox 1097 1465 1460 1541; x_wconf 88' lang='lat' dir='ltr'>perspicuum</span> <span class='ocrx_word' id='word_1_130' title='bbox 1496 1473 1583 1522; x_wconf 92' lang='lat' dir='ltr'>est</span> <span class='ocrx_word' id='word_1_131' title='bbox 1616 1474 1675 1522; x_wconf 91' lang='lat' dir='ltr'>et</span> <span class='ocrx_word' id='word_1_132' title='bbox 1717 1485 1881 1522; x_wconf 85' lang='lat' dir='ltr'>sensu</span> 
     </span>
     <span class='ocr_line' id='line_1_19' title="bbox 205 1544 1884 1621; baseline 0.001 -21"><span class='ocrx_word' id='word_1_133' title='bbox 205 1544 366 1600; x_wconf 89' lang='lat' dir='ltr'>omni</span> <span class='ocrx_word' id='word_1_134' title='bbox 406 1563 608 1601; x_wconf 83' lang='lat' dir='ltr'>carere.</span> <span class='ocrx_word' id='word_1_135' title='bbox 696 1544 752 1601; x_wconf 93' lang='lat' dir='ltr'>N</span> <span class='ocrx_word' id='word_1_136' title='bbox 755 1564 817 1601; x_wconf 90' lang='lat' dir='ltr'>ec</span> <span class='ocrx_word' id='word_1_137' title='bbox 851 1564 983 1601; x_wconf 90' lang='lat' dir='ltr'>vero</span> <span class='ocrx_word' id='word_1_138' title='bbox 1027 1545 1389 1621; x_wconf 77' lang='lat' dir='ltr'>ProtagoraS‚</span> <span class='ocrx_word' id='word_1_139' title='bbox 1423 1545 1523 1621; x_wconf 93' lang='lat' dir='ltr'>qui</span> <span class='ocrx_word' id='word_1_140' title='bbox 1557 1564 1676 1601; x_wconf 91' lang='lat' dir='ltr'>sese</span> <span class='ocrx_word' id='word_1_141' title='bbox 1710 1553 1884 1620; x_wconf 83' lang='lat' dir='ltr'>negat</span> 
     </span>
     <span class='ocr_line' id='line_1_20' title="bbox 206 1624 1884 1702; baseline 0.001 -23"><span class='ocrx_word' id='word_1_142' title='bbox 206 1624 442 1680; x_wconf 89' lang='lat' dir='ltr'>omnino</span> <span class='ocrx_word' id='word_1_143' title='bbox 466 1624 538 1681; x_wconf 91' lang='lat' dir='ltr'>de</span> <span class='ocrx_word' id='word_1_144' title='bbox 561 1624 648 1680; x_wconf 92' lang='lat' dir='ltr'>dis</span> <span class='ocrx_word' id='word_1_145' title='bbox 669 1624 876 1681; x_wconf 87' lang='lat' dir='ltr'>habere</span> <span class='ocrx_word' id='word_1_146' title='bbox 899 1624 1300 1700; x_wconf 85' lang='lat' dir='ltr'>quodliqueat,</span> <span class='ocrx_word' id='word_1_147' title='bbox 1322 1625 1452 1694; x_wconf 89' lang='lat' dir='ltr'>sint,</span> <span class='ocrx_word' id='word_1_148' title='bbox 1474 1643 1591 1680; x_wconf 89' lang='lat' dir='ltr'>non</span> <span class='ocrx_word' id='word_1_149' title='bbox 1614 1626 1729 1681; x_wconf 90' lang='lat' dir='ltr'>sint</span> <span class='ocrx_word' id='word_1_150' title='bbox 1752 1645 1884 1702; x_wconf 89' lang='lat' dir='ltr'>qua-</span> 
     </span>
     <span class='ocr_line' id='line_1_21' title="bbox 201 1699 1885 1782; baseline 0.002 -25"><span class='ocrx_word' id='word_1_151' title='bbox 201 1699 350 1759; x_wconf 89' lang='lat' dir='ltr'>lesve</span> <span class='ocrx_word' id='word_1_152' title='bbox 393 1702 524 1773; x_wconf 87' lang='lat' dir='ltr'>siut,</span> <span class='ocrx_word' id='word_1_153' title='bbox 553 1703 853 1779; x_wconf 84' lang='lat' dir='ltr'>quicquam</span> <span class='ocrx_word' id='word_1_154' title='bbox 875 1704 1100 1762; x_wconf 89' lang='lat' dir='ltr'>videtur</span> <span class='ocrx_word' id='word_1_155' title='bbox 1122 1704 1193 1761; x_wconf 90' lang='lat' dir='ltr'>de</span> <span class='ocrx_word' id='word_1_156' title='bbox 1222 1711 1424 1761; x_wconf 89' lang='lat' dir='ltr'>natura</span> <span class='ocrx_word' id='word_1_157' title='bbox 1445 1704 1682 1762; x_wconf 87' lang='lat' dir='ltr'>deorum</span> <span class='ocrx_word' id='word_1_158' title='bbox 1706 1705 1885 1782; x_wconf 90' lang='lat' dir='ltr'>suspi-</span> 
     </span>
     <span class='ocr_line' id='line_1_22' title="bbox 203 1782 1884 1862; baseline 0.002 -23"><span class='ocrx_word' id='word_1_159' title='bbox 203 1783 334 1840; x_wconf 87' lang='lat' dir='ltr'>cari.</span> <span class='ocrx_word' id='word_1_160' title='bbox 387 1782 577 1851; x_wconf 63' lang='lat' dir='ltr'>Quid?</span> <span class='ocrx_word' id='word_1_161' title='bbox 625 1784 1007 1854; x_wconf 89' lang='lat' dir='ltr'>Democritus,</span> <span class='ocrx_word' id='word_1_162' title='bbox 1023 1784 1121 1861; x_wconf 93' lang='lat' dir='ltr'>qui</span> <span class='ocrx_word' id='word_1_163' title='bbox 1139 1791 1262 1841; x_wconf 87' lang='lat' dir='ltr'>tum</span> <span class='ocrx_word' id='word_1_164' title='bbox 1282 1785 1560 1861; x_wconf 84' lang='lat' dir='ltr'>imagines</span> <span class='ocrx_word' id='word_1_165' title='bbox 1578 1805 1884 1862; x_wconf 88' lang='lat' dir='ltr'>earumque</span> 
     </span>
     <span class='ocr_line' id='line_1_23' title="bbox 203 1863 1885 1935; baseline 0.002 -16"><span class='ocrx_word' id='word_1_166' title='bbox 203 1863 474 1920; x_wconf 86' lang='lat' dir='ltr'>circuitus</span> <span class='ocrx_word' id='word_1_167' title='bbox 509 1863 566 1919; x_wconf 90' lang='lat' dir='ltr'>in</span> <span class='ocrx_word' id='word_1_168' title='bbox 610 1863 848 1921; x_wconf 87' lang='lat' dir='ltr'>deorum</span> <span class='ocrx_word' id='word_1_169' title='bbox 889 1883 1129 1921; x_wconf 89' lang='lat' dir='ltr'>numero</span> <span class='ocrx_word' id='word_1_170' title='bbox 1162 1865 1353 1935; x_wconf 84' lang='lat' dir='ltr'>refert,</span> <span class='ocrx_word' id='word_1_171' title='bbox 1374 1873 1497 1921; x_wconf 90' lang='lat' dir='ltr'>tum</span> <span class='ocrx_word' id='word_1_172' title='bbox 1534 1865 1690 1922; x_wconf 89' lang='lat' dir='ltr'>illam</span> <span class='ocrx_word' id='word_1_173' title='bbox 1725 1875 1885 1922; x_wconf 87' lang='lat' dir='ltr'>natu-</span> 
     </span>
     <span class='ocr_line' id='line_1_24' title="bbox 203 1943 1884 2019; baseline 0.001 -20"><span class='ocrx_word' id='word_1_174' title='bbox 203 1963 343 2012; x_wconf 87' lang='lat' dir='ltr'>ram,</span> <span class='ocrx_word' id='word_1_175' title='bbox 370 1963 513 2019; x_wconf 84' lang='lat' dir='ltr'>quae</span> <span class='ocrx_word' id='word_1_176' title='bbox 542 1943 820 2019; x_wconf 83' lang='lat' dir='ltr'>imagines</span> <span class='ocrx_word' id='word_1_177' title='bbox 853 1944 1062 2001; x_wconf 84' lang='lat' dir='ltr'>fundat</span> <span class='ocrx_word' id='word_1_178' title='bbox 1089 1964 1153 2001; x_wconf 87' lang='lat' dir='ltr'>ac</span> <span class='ocrx_word' id='word_1_179' title='bbox 1182 1945 1394 2014; x_wconf 87' lang='lat' dir='ltr'>mittat,</span> <span class='ocrx_word' id='word_1_180' title='bbox 1426 1952 1550 2001; x_wconf 88' lang='lat' dir='ltr'>tum</span> <span class='ocrx_word' id='word_1_181' title='bbox 1587 1946 1884 2002; x_wconf 90' lang='lat' dir='ltr'>scientiam</span> 
     </span>
     <span class='ocr_line' id='line_1_25' title="bbox 203 2023 1884 2099; baseline 0.002 -20"><span class='ocrx_word' id='word_1_182' title='bbox 203 2023 766 2099; x_wconf 77' lang='lat' dir='ltr'>intellegentiamque</span> <span class='ocrx_word' id='word_1_183' title='bbox 800 2031 1071 2094; x_wconf 88' lang='lat' dir='ltr'>nostram,</span> <span class='ocrx_word' id='word_1_184' title='bbox 1102 2043 1294 2082; x_wconf 91' lang='lat' dir='ltr'>nonne</span> <span class='ocrx_word' id='word_1_185' title='bbox 1322 2025 1382 2081; x_wconf 93' lang='lat' dir='ltr'>in</span> <span class='ocrx_word' id='word_1_186' title='bbox 1416 2025 1668 2081; x_wconf 88' lang='lat' dir='ltr'>maximo</span> <span class='ocrx_word' id='word_1_187' title='bbox 1698 2044 1884 2086; x_wconf 85' lang='lat' dir='ltr'>errore</span> 
     </span>
     <span class='ocr_line' id='line_1_26' title="bbox 204 2103 1883 2181; baseline 0.001 -22"><span class='ocrx_word' id='word_1_188' title='bbox 204 2104 491 2160; x_wconf 64' lang='lat' dir='ltr'>versatur?</span> <span class='ocrx_word' id='word_1_189' title='bbox 560 2103 707 2159; x_wconf 86' lang='lat' dir='ltr'>Cum</span> <span class='ocrx_word' id='word_1_190' title='bbox 738 2104 888 2160; x_wconf 90' lang='lat' dir='ltr'>idem</span> <span class='ocrx_word' id='word_1_191' title='bbox 921 2105 1175 2175; x_wconf 91' lang='lat' dir='ltr'>omnino,</span> <span class='ocrx_word' id='word_1_192' title='bbox 1202 2105 1336 2179; x_wconf 90' lang='lat' dir='ltr'>quia</span> <span class='ocrx_word' id='word_1_193' title='bbox 1356 2104 1497 2161; x_wconf 92' lang='lat' dir='ltr'>nihil</span> <span class='ocrx_word' id='word_1_194' title='bbox 1529 2124 1753 2181; x_wconf 84' lang='lat' dir='ltr'>semper</span> <span class='ocrx_word' id='word_1_195' title='bbox 1780 2125 1883 2162; x_wconf 89' lang='lat' dir='ltr'>suo</span> 
     </span>
     <span class='ocr_line' id='line_1_27' title="bbox 204 2183 1875 2260; baseline 0 -21"><span class='ocrx_word' id='word_1_196' title='bbox 204 2192 358 2240; x_wconf 85' lang='lat' dir='ltr'>statu</span> <span class='ocrx_word' id='word_1_197' title='bbox 411 2191 655 2251; x_wconf 88' lang='lat' dir='ltr'>maneat,</span> <span class='ocrx_word' id='word_1_198' title='bbox 687 2191 859 2258; x_wconf 86' lang='lat' dir='ltr'>neget</span> <span class='ocrx_word' id='word_1_199' title='bbox 907 2203 1026 2241; x_wconf 89' lang='lat' dir='ltr'>esse</span> <span class='ocrx_word' id='word_1_200' title='bbox 1079 2186 1383 2259; x_wconf 85' lang='lat' dir='ltr'>quicquam</span> <span class='ocrx_word' id='word_1_201' title='bbox 1447 2183 1875 2260; x_wconf 85' lang='lat' dir='ltr'>sempiternum,</span> 
     </span>
     <span class='ocr_line' id='line_1_28' title="bbox 202 2262 1883 2340; baseline 0.001 -21"><span class='ocrx_word' id='word_1_202' title='bbox 202 2282 394 2320; x_wconf 91' lang='lat' dir='ltr'>nonne</span> <span class='ocrx_word' id='word_1_203' title='bbox 424 2262 597 2319; x_wconf 89' lang='lat' dir='ltr'>deum</span> <span class='ocrx_word' id='word_1_204' title='bbox 634 2265 871 2320; x_wconf 88' lang='lat' dir='ltr'>omnino</span> <span class='ocrx_word' id='word_1_205' title='bbox 899 2264 982 2320; x_wconf 88' lang='lat' dir='ltr'>ita</span> <span class='ocrx_word' id='word_1_206' title='bbox 1009 2264 1179 2332; x_wconf 91' lang='lat' dir='ltr'>tollit,</span> <span class='ocrx_word' id='word_1_207' title='bbox 1200 2272 1266 2319; x_wconf 88' lang='lat' dir='ltr'>ut</span> <span class='ocrx_word' id='word_1_208' title='bbox 1299 2262 1512 2319; x_wconf 90' lang='lat' dir='ltr'>nullam</span> <span class='ocrx_word' id='word_1_209' title='bbox 1550 2264 1883 2340; x_wconf 90' lang='lat' dir='ltr'>opinionem</span> 
     </span>
     <span class='ocr_line' id='line_1_29' title="bbox 202 2341 1887 2420; baseline 0.001 -21"><span class='ocrx_word' id='word_1_210' title='bbox 202 2343 325 2399; x_wconf 89' lang='lat' dir='ltr'>eius</span> <span class='ocrx_word' id='word_1_211' title='bbox 344 2342 617 2419; x_wconf 89' lang='lat' dir='ltr'>reliquam</span> <span class='ocrx_word' id='word_1_212' title='bbox 638 2342 848 2400; x_wconf 66' lang='lat' dir='ltr'>faciat?</span> <span class='ocrx_word' id='word_1_213' title='bbox 910 2341 1063 2410; x_wconf 82' lang='lat' dir='ltr'>Quid</span> <span class='ocrx_word' id='word_1_214' title='bbox 1080 2345 1100 2400; x_wconf 66' lang='lat'><em>3</em></span> <span class='ocrx_word' id='word_1_215' title='bbox 1134 2350 1248 2413; x_wconf 73' lang='lat' dir='ltr'>aer,</span> <span class='ocrx_word' id='word_1_216' title='bbox 1267 2363 1381 2420; x_wconf 91' lang='lat' dir='ltr'>quo</span> <span class='ocrx_word' id='word_1_217' title='bbox 1401 2343 1693 2419; x_wconf 82' lang='lat' dir='ltr'>Diogenes</span> <span class='ocrx_word' id='word_1_218' title='bbox 1708 2344 1887 2420; x_wconf 93' lang='lat' dir='ltr'>Apol-</span> 
     </span>
     <span class='ocr_line' id='line_1_30' title="bbox 203 2422 1886 2500; baseline 0.001 -21"><span class='ocrx_word' id='word_1_219' title='bbox 203 2422 445 2480; x_wconf 88' lang='lat' dir='ltr'>loniates</span> <span class='ocrx_word' id='word_1_220' title='bbox 479 2423 663 2479; x_wconf 86' lang='lat' dir='ltr'>utitur</span> <span class='ocrx_word' id='word_1_221' title='bbox 696 2423 821 2491; x_wconf 86' lang='lat' dir='ltr'>de0‚</span> <span class='ocrx_word' id='word_1_222' title='bbox 848 2442 1017 2499; x_wconf 87' lang='lat' dir='ltr'>quem</span> <span class='ocrx_word' id='word_1_223' title='bbox 1060 2442 1288 2480; x_wconf 90' lang='lat' dir='ltr'>sensum</span> <span class='ocrx_word' id='word_1_224' title='bbox 1318 2423 1526 2480; x_wconf 83' lang='lat' dir='ltr'>habere</span> <span class='ocrx_word' id='word_1_225' title='bbox 1559 2431 1753 2500; x_wconf 86' lang='lat' dir='ltr'>potest</span> <span class='ocrx_word' id='word_1_226' title='bbox 1787 2432 1886 2481; x_wconf 86' lang='lat' dir='ltr'>aut</span> 
     </span>
     <span class='ocr_line' id='line_1_31' title="bbox 204 2502 1887 2579; baseline -0.001 -19"><span class='ocrx_word' id='word_1_227' title='bbox 204 2522 375 2579; x_wconf 87' lang='lat' dir='ltr'>quam</span> <span class='ocrx_word' id='word_1_228' title='bbox 406 2503 651 2559; x_wconf 85' lang='lat' dir='ltr'>formam</span> <span class='ocrx_word' id='word_1_229' title='bbox 683 2502 815 2559; x_wconf 67' lang='lat' dir='ltr'>dei?</span> <span class='ocrx_word' id='word_1_230' title='bbox 890 2509 981 2560; x_wconf 90' lang='lat'>30.</span> <span class='ocrx_word' id='word_1_231' title='bbox 1019 2503 1142 2560; x_wconf 88' lang='lat' dir='ltr'>Iam</span> <span class='ocrx_word' id='word_1_232' title='bbox 1172 2503 1244 2559; x_wconf 89' lang='lat' dir='ltr'>de</span> <span class='ocrx_word' id='word_1_233' title='bbox 1274 2503 1534 2560; x_wconf 89' lang='lat' dir='ltr'>Platonis</span> <span class='ocrx_word' id='word_1_234' title='bbox 1562 2504 1887 2560; x_wconf 85' lang='lat' dir='ltr'>inconstan-</span> 
     </span>
     <span class='ocr_line' id='line_1_32' title="bbox 202 2582 1886 2660; baseline 0.001 -22"><span class='ocrx_word' id='word_1_235' title='bbox 202 2584 285 2639; x_wconf 87' lang='lat' dir='ltr'>tia</span> <span class='ocrx_word' id='word_1_236' title='bbox 327 2583 563 2659; x_wconf 81' lang='lat' dir='ltr'>longum</span> <span class='ocrx_word' id='word_1_237' title='bbox 609 2589 695 2639; x_wconf 88' lang='lat' dir='ltr'>est</span> <span class='ocrx_word' id='word_1_238' title='bbox 737 2583 923 2639; x_wconf 86' lang='lat' dir='ltr'>dicere</span> <span class='ocrx_word' id='word_1_239' title='bbox 966 2584 1065 2660; x_wconf 89' lang='lat' dir='ltr'>qui</span> <span class='ocrx_word' id='word_1_240' title='bbox 1099 2584 1160 2640; x_wconf 91' lang='lat' dir='ltr'>in</span> <span class='ocrx_word' id='word_1_241' title='bbox 1194 2582 1431 2640; x_wconf 87' lang='lat' dir='ltr'>Timaeo</span> <span class='ocrx_word' id='word_1_242' title='bbox 1466 2590 1686 2659; x_wconf 86' lang='lat' dir='ltr'>patrem</span> <span class='ocrx_word' id='word_1_243' title='bbox 1717 2583 1886 2639; x_wconf 87' lang='lat' dir='ltr'>huius</span> 
     </span>
     <span class='ocr_line' id='line_1_33' title="bbox 203 2662 1885 2739; baseline 0.001 -21"><span class='ocrx_word' id='word_1_244' title='bbox 203 2663 404 2719; x_wconf 88' lang='lat' dir='ltr'>mundi</span> <span class='ocrx_word' id='word_1_245' title='bbox 436 2662 716 2719; x_wconf 85' lang='lat' dir='ltr'>nominari</span> <span class='ocrx_word' id='word_1_246' title='bbox 748 2670 920 2738; x_wconf 87' lang='lat' dir='ltr'>neget</span> <span class='ocrx_word' id='word_1_247' title='bbox 938 2681 1138 2738; x_wconf 87' lang='lat' dir='ltr'>posse:</span> <span class='ocrx_word' id='word_1_248' title='bbox 1172 2663 1233 2720; x_wconf 93' lang='lat' dir='ltr'>in</span> <span class='ocrx_word' id='word_1_249' title='bbox 1257 2662 1476 2739; x_wconf 81' lang='lat' dir='ltr'>Legum</span> <span class='ocrx_word' id='word_1_250' title='bbox 1505 2670 1696 2720; x_wconf 90' lang='lat' dir='ltr'>autem</span> <span class='ocrx_word' id='word_1_251' title='bbox 1727 2662 1885 2719; x_wconf 91' lang='lat' dir='ltr'>libris</span> 
     </span>
     <span class='ocr_line' id='line_1_34' title="bbox 205 2742 1880 2819; baseline 0.001 -22"><span class='ocrx_word' id='word_1_252' title='bbox 205 2742 345 2818; x_wconf 80' lang='lat' dir='ltr'>quid</span> <span class='ocrx_word' id='word_1_253' title='bbox 380 2742 455 2798; x_wconf 86' lang='lat' dir='ltr'>sit</span> <span class='ocrx_word' id='word_1_254' title='bbox 489 2743 727 2798; x_wconf 89' lang='lat' dir='ltr'>omnino</span> <span class='ocrx_word' id='word_1_255' title='bbox 762 2742 902 2799; x_wconf 87' lang='lat' dir='ltr'>deus</span> <span class='ocrx_word' id='word_1_256' title='bbox 935 2743 1161 2819; x_wconf 88' lang='lat' dir='ltr'>anquiri</span> <span class='ocrx_word' id='word_1_257' title='bbox 1196 2751 1459 2819; x_wconf 84' lang='lat' dir='ltr'>oportere</span> <span class='ocrx_word' id='word_1_258' title='bbox 1489 2762 1604 2799; x_wconf 90' lang='lat' dir='ltr'>non</span> <span class='ocrx_word' id='word_1_259' title='bbox 1640 2750 1880 2799; x_wconf 86' lang='lat' dir='ltr'>censeat.</span> 
     </span>
     <span class='ocr_line' id='line_1_35' title="bbox 205 2821 1884 2898; baseline 0 -20"><span class='ocrx_word' id='word_1_260' title='bbox 205 2821 374 2889; x_wconf 80' lang='lat' dir='ltr'>Quod</span> <span class='ocrx_word' id='word_1_261' title='bbox 395 2841 527 2879; x_wconf 91' lang='lat' dir='ltr'>vero</span> <span class='ocrx_word' id='word_1_262' title='bbox 557 2822 678 2878; x_wconf 86' lang='lat' dir='ltr'>sine</span> <span class='ocrx_word' id='word_1_263' title='bbox 706 2841 942 2898; x_wconf 89' lang='lat' dir='ltr'>corpore</span> <span class='ocrx_word' id='word_1_264' title='bbox 971 2823 1088 2879; x_wconf 93' lang='lat' dir='ltr'>ullo</span> <span class='ocrx_word' id='word_1_265' title='bbox 1119 2822 1290 2879; x_wconf 90' lang='lat' dir='ltr'>deum</span> <span class='ocrx_word' id='word_1_266' title='bbox 1316 2823 1437 2880; x_wconf 75' lang='lat' dir='ltr'>vult</span> <span class='ocrx_word' id='word_1_267' title='bbox 1464 2841 1601 2892; x_wconf 89' lang='lat' dir='ltr'>esse,</span> <span class='ocrx_word' id='word_1_268' title='bbox 1623 2830 1689 2878; x_wconf 87' lang='lat' dir='ltr'>ut</span> <span class='ocrx_word' id='word_1_269' title='bbox 1716 2823 1884 2878; x_wconf 81' lang='lat' dir='ltr'>Grae-</span> 
     </span>
     <span class='ocr_line' id='line_1_36' title="bbox 204 2901 1882 2979; baseline -0.001 -21"><span class='ocrx_word' id='word_1_270' title='bbox 204 2904 257 2958; x_wconf 87' lang='lat' dir='ltr'>ci</span> <span class='ocrx_word' id='word_1_271' title='bbox 279 2902 494 2971; x_wconf 83' lang='lat' dir='ltr'>dicnnt,</span> <span class='ocrx_word' id='word_1_272' title='bbox 516 2902 826 2977; x_wconf 79' lang='grc' dir='ltr'>ἀσώματον,</span> <span class='ocrx_word' id='word_1_273' title='bbox 851 2902 914 2958; x_wconf 92' lang='lat' dir='ltr'>id</span> <span class='ocrx_word' id='word_1_274' title='bbox 943 2901 1107 2978; x_wconf 87' lang='lat' dir='ltr'>quale</span> <span class='ocrx_word' id='word_1_275' title='bbox 1135 2921 1255 2959; x_wconf 88' lang='lat' dir='ltr'>esse</span> <span class='ocrx_word' id='word_1_276' title='bbox 1279 2902 1460 2979; x_wconf 91' lang='lat' dir='ltr'>possit</span> <span class='ocrx_word' id='word_1_277' title='bbox 1482 2902 1732 2977; x_wconf 84' lang='lat' dir='ltr'>intellegi</span> <span class='ocrx_word' id='word_1_278' title='bbox 1767 2921 1882 2958; x_wconf 84' lang='lat' dir='ltr'>non</span> 
     </span>
     <span class='ocr_line' id='line_1_37' title="bbox 204 2981 1880 3057; baseline -0.001 -19"><span class='ocrx_word' id='word_1_279' title='bbox 204 2988 429 3057; x_wconf 86' lang='lat' dir='ltr'>potest:</span> <span class='ocrx_word' id='word_1_280' title='bbox 474 2989 660 3037; x_wconf 87' lang='lat' dir='ltr'>careat</span> <span class='ocrx_word' id='word_1_281' title='bbox 703 2981 855 3038; x_wconf 87' lang='lat' dir='ltr'>enim</span> <span class='ocrx_word' id='word_1_282' title='bbox 899 3001 1067 3038; x_wconf 91' lang='lat' dir='ltr'>sensu</span> <span class='ocrx_word' id='word_1_283' title='bbox 1098 3001 1328 3039; x_wconf 87' lang='lat' dir='ltr'>neccsse</span> <span class='ocrx_word' id='word_1_284' title='bbox 1362 2989 1464 3051; x_wconf 88' lang='lat' dir='ltr'>est,</span> <span class='ocrx_word' id='word_1_285' title='bbox 1489 2990 1675 3038; x_wconf 86' lang='lat' dir='ltr'>careat</span> <span class='ocrx_word' id='word_1_286' title='bbox 1710 2982 1880 3039; x_wconf 84' lang='lat' dir='ltr'>etiam</span> 
     </span>
     <span class='ocr_line' id='line_1_38' title="bbox 203 3060 1882 3138; baseline 0.001 -22"><span class='ocrx_word' id='word_1_287' title='bbox 203 3061 524 3138; x_wconf 87' lang='lat' dir='ltr'>prudentia,</span> <span class='ocrx_word' id='word_1_288' title='bbox 557 3067 743 3117; x_wconf 87' lang='lat' dir='ltr'>careat</span> <span class='ocrx_word' id='word_1_289' title='bbox 785 3060 1109 3137; x_wconf 86' lang='lat' dir='ltr'>voluptate:</span> <span class='ocrx_word' id='word_1_290' title='bbox 1161 3080 1306 3137; x_wconf 88' lang='lat' dir='ltr'>quae</span> <span class='ocrx_word' id='word_1_291' title='bbox 1355 3062 1550 3118; x_wconf 89' lang='lat' dir='ltr'>omnia</span> <span class='ocrx_word' id='word_1_292' title='bbox 1592 3081 1708 3117; x_wconf 89' lang='lat' dir='ltr'>una</span> <span class='ocrx_word' id='word_1_293' title='bbox 1751 3081 1882 3118; x_wconf 89' lang='lat' dir='ltr'>cum</span> 
     </span>
     <span class='ocr_line' id='line_1_39' title="bbox 204 3139 1883 3215; baseline 0.001 -18"><span class='ocrx_word' id='word_1_294' title='bbox 204 3141 443 3197; x_wconf 89' lang='lat' dir='ltr'>deorum</span> <span class='ocrx_word' id='word_1_295' title='bbox 485 3140 724 3198; x_wconf 90' lang='lat' dir='ltr'>notione</span> <span class='ocrx_word' id='word_1_296' title='bbox 756 3139 1314 3215; x_wconf 67' lang='lat' dir='ltr'>comprehendimus</span> <span class='ocrx_word' id='word_1_297' title='bbox 1406 3139 1569 3197; x_wconf 91' lang='lat' dir='ltr'>Idem</span> <span class='ocrx_word' id='word_1_298' title='bbox 1606 3147 1663 3197; x_wconf 91' lang='lat' dir='ltr'>et</span> <span class='ocrx_word' id='word_1_299' title='bbox 1698 3141 1753 3196; x_wconf 90' lang='lat' dir='ltr'>in</span> <span class='ocrx_word' id='word_1_300' title='bbox 1791 3140 1883 3198; x_wconf 84' lang='lat' dir='ltr'>Ti-</span> 
     </span>
    </p>
   </div>
  </div>
 </body>
</html>
