2205 3431
535 105 674 155 LIB.
702 105 768 165 1.,
796 104 952 154 CAP.
980 104 1381 167 LV1.-LV111.,
1410 105 1439 165 ἓ
1469 109 1712 159 127-132.
1874 110 1969 158 193

292 206 572 285 quaedam
597 225 787 263 rerum
807 207 1146 264 futurarum.
1202 207 1449 284 ‚Etenim
1472 208 1620 266 Ceos
1647 209 1970 288 accepimus

291 294 483 344 ortum
516 285 822 343 Caniculae
855 287 1163 363 diligenter
1196 288 1503 364 quotannis
1537 288 1715 346 solere
1750 309 1968 346 servare

291 368 788 442 coniecturamque
832 385 1047 442 capere,
1071 373 1140 424 ut
1177 367 1373 424 scribit
1407 367 1684 424 Ponticus
1719 368 1974 443 Heracli-7

291 446 408 516 deS,
433 445 741 502 salubrisne
771 465 839 502 an
872 447 1143 522 pestilens
1176 466 1357 503 annus
1385 447 1613 503 futurus
1642 447 1730 504 sit.
1816 447 1967 504 Nam

291 527 338 582 si
374 525 667 582 obscurior
700 526 860 602 quasi
895 526 1206 601 caliginosa
1239 525 1399 582 stella
1432 527 1729 597 exstiterit,
1753 528 1967 604 pingue

291 614 350 662 et
377 615 704 662 concretum
735 625 853 662 esse
882 605 1118 675 caelum,
1143 613 1209 662 ut
1236 606 1357 662 eius
1391 606 1661 681 aspiratio
1690 607 1878 682 gravis
1911 616 1970 664 et

291 685 561 761 pestilens
593 685 791 741 futura
832 686 943 742 sit:
987 686 1075 741 sin
1111 684 1345 742 illustris
1386 692 1444 742 et
1476 685 1769 762 perlucida
1808 685 1970 743 stella

291 764 630 840 apparuerit,
651 764 956 840 significari
979 765 1199 822 caelum
1227 784 1347 822 esse
1368 772 1539 822 tenue
1560 784 1882 842 purumque
1911 774 1969 823 et

290 851 592 920 propterea
632 844 867 902 salubre.
958 850 1088 902 131.
1134 844 1501 902 Democritus
1541 852 1734 903 autem
1776 853 1968 903 censet

291 925 575 1000 sapienter
607 924 921 981 instituisse
956 931 1171 982 veteres
1204 932 1270 981 ut
1302 924 1617 981 hostiarum
1651 925 1969 982 immolata-

290 1023 417 1061 rum
453 1004 864 1081 inspicerentur
898 1010 1042 1075 exta,
1068 1024 1312 1081 quorum
1354 1023 1422 1061 ex
1457 1004 1659 1062 habitu
1692 1013 1864 1082 atque
1898 1025 1967 1062 ex

290 1083 480 1140 colore
507 1091 633 1141 tum
667 1083 1030 1155 salubritatiS,
1055 1091 1180 1141 tum
1211 1084 1568 1161 pestilentiae
1603 1085 1767 1161 signa
1794 1086 1969 1163 perci-

292 1164 368 1241 pi,
393 1183 508 1220 non
544 1183 856 1239 numquam
891 1164 1082 1236 etiam,
1109 1184 1251 1241 quae
1286 1165 1360 1221 sit
1389 1164 1475 1221 vel
1505 1165 1771 1222 sterilitas
1805 1184 1964 1242 agro-

289 1263 415 1300 rum
447 1243 534 1300 vel
562 1243 828 1300 fertilitas
856 1244 1065 1302 futura.
1152 1243 1309 1312 Quae
1338 1244 1386 1300 si
1414 1263 1448 1300 a
1481 1253 1683 1301 natura
1710 1245 1967 1323 profecta

291 1323 610 1380 observatio
652 1332 823 1399 atque
856 1343 991 1380 usus
1024 1324 1277 1399 agnovit,
1302 1324 1484 1381 multa
1516 1324 1738 1381 adferre
1771 1325 1964 1401 potuit

289 1403 428 1474 dies,
455 1422 597 1480 quae
639 1403 1144 1460 animadvertendo
1187 1410 1537 1475 notarentur,
1563 1411 1627 1461 ut
1660 1404 1752 1460 ille
1792 1404 1967 1461 Pacu-

290 1483 489 1540 vianus
518 1484 616 1559 qui
647 1483 706 1538 in
735 1482 953 1559 Chryse
983 1482 1259 1560 physicus
1288 1483 1577 1541 inducitur
1603 1483 1841 1541 minime
1874 1502 1968 1540 na-

288 1569 474 1620 turam
503 1582 691 1620 rerum
721 1582 998 1638 cognosse
1026 1563 1319 1620 videatur:

611 1684 741 1734 Nam
766 1684 888 1743 istis,
908 1683 993 1747 qui
1015 1683 1236 1745 linguam
1262 1683 1426 1732 avium
1448 1683 1755 1745 intellegunt,

481 1749 700 1812 Plusque
721 1765 786 1797 ex
810 1750 971 1797 alieno
995 1751 1156 1799 iecore
1179 1751 1378 1813 sapiunt
1398 1766 1549 1814 quam
1573 1765 1637 1799 ex
1662 1766 1766 1811 suo,

483 1815 648 1875 Magis
671 1816 969 1864 audiendum
994 1831 1145 1879 quam
1168 1816 1544 1865 auscultandum
1569 1831 1758 1865 censeo.

285 1924 440 1982 Cur?
482 1944 709 2001 quaese,
742 1944 874 1981 cum
916 1925 1039 2001 ipse
1080 1926 1278 2003 paucis
1319 1925 1674 2004 interpositis
1714 1925 1969 1983 versibus

285 2005 442 2062 dicas
470 2005 607 2062 satis
635 2004 954 2062 luculente:

285 2126 540 2189 Quidquid
561 2132 637 2174 est
658 2126 768 2186 hoc,
789 2106 958 2174 omnia
984 2125 1189 2187 animat,
1213 2125 1412 2186 format,
1435 2125 1538 2185 alit,
1560 2134 1725 2187 auget,
1744 2133 1895 2186 creat,

285 2191 471 2254 Sepelit
492 2191 761 2254 recipitque
783 2190 834 2239 in
859 2206 966 2239 sese
987 2192 1171 2249 omnia,
1195 2192 1516 2251 omniumque
1538 2191 1669 2239 idem
1700 2200 1774 2239 est
1797 2201 1963 2253 pater:

285 2256 611 2370 Indidlemque
628 2257 897 2321 eademque
919 2256 1147 2305 oriuntur
1169 2255 1230 2304 de
1253 2257 1444 2316 integro
1466 2264 1616 2318 atque
1638 2256 1814 2305 eodem
1838 2256 1966 2305 occi-

451 2336 515 2370 un
545 2357 557 2369 .

284 2433 441 2502 Quid
489 2439 576 2490 est
622 2433 799 2508 igitur
848 2451 962 2501 cur,
998 2450 1131 2488 cum
1177 2430 1384 2487 domus
1426 2430 1501 2487 sit
1543 2430 1804 2488 omnium
1852 2450 1968 2488 una

285 2532 464 2589 eaque
512 2511 833 2569 communis
881 2529 1127 2587 cumque
1175 2510 1350 2567 animi
1393 2509 1695 2567 hominum
1745 2529 1968 2587 semper

284 2593 502 2649 fuerint
548 2592 845 2667 futurique
887 2591 1018 2661 sint,
1055 2609 1156 2647 cur
1197 2590 1240 2647 ii
1283 2589 1423 2666 quid
1463 2601 1532 2646 ex
1575 2608 1803 2667 quoque
1845 2609 1968 2646 eve-

284 2673 407 2730 niat
440 2679 498 2729 et
532 2671 673 2749 quid
707 2689 990 2747 quamque
1024 2689 1146 2726 rem
1181 2668 1463 2742 significet
1495 2669 1812 2745 perspicere
1846 2688 1964 2725 non

284 2753 543 2828 possint?
624 2751 784 2807 Haec
826 2748 1018 2819 habui,
1054 2749 1260 2825 inquit,
1299 2749 1370 2806 de
1418 2748 1771 2806 divinatione
1821 2767 1965 2825 quae

284 2832 549 2888 dicerem.

365 2910 580 2967 LVIII.
669 2915 798 2966 132.
846 2908 1013 2965 Nunc
1057 2908 1154 2964 illa
1194 2907 1463 2978 testabor,
1496 2927 1613 2963 non
1661 2926 1754 2964 me
1804 2907 1966 2964 sorti-

284 2990 443 3066 legos
485 3008 669 3066 neque
711 3009 824 3058 eOS,
851 2989 948 3065 qui
986 2995 1252 3065 quaestus
1293 3007 1462 3045 causa
1502 2986 1867 3056 hariolentur,
1893 3005 1964 3043 ne

282 3069 724 3147 psychomantia
765 3069 1014 3145 quidem,
1053 3068 1261 3146 quibus
1303 3067 1533 3145 Appius
1575 3067 1790 3123 amicus
1831 3072 1965 3122 tuus

283 3150 370 3207 uti
413 3149 647 3219 solebat,
683 3167 1006 3222 agnoscere.
1093 3148 1227 3204 Non
1270 3146 1454 3205 habeo
1504 3146 1749 3224 denique
1798 3144 1964 3202 nauci
