2205 3431
690 506 778 569 M.
821 505 1115 568 TULLII
1176 506 1643 567 c1cER0N1s

567 652 740 731 DE
816 650 1769 731 DIVINATIONE

843 820 1108 870 LIBER
1147 820 1475 870 PRIMUS.

857 1057 1467 1107 ARGUMENTUM.

386 1158 460 1207 M.
491 1157 665 1207 Cicero
699 1171 814 1205 cum
848 1163 948 1204 tres
981 1156 1133 1204 libros
1168 1154 1228 1203 de
1261 1164 1443 1204 natura
1477 1156 1671 1205 deorum
1703 1159 2003 1221 perfecisset,

322 1223 371 1272 in
405 1223 580 1286 quibus
614 1224 775 1270 omnis
807 1222 914 1269 eius
941 1221 1035 1269 loci
1070 1222 1294 1283 quaestio
1328 1222 1624 1283 continetur,
1646 1224 1897 1284 ingressus
1931 1235 2007 1275 est

320 1304 453 1336 anno
476 1297 586 1351 post
609 1288 714 1336 urb.
740 1286 883 1334 cond.
911 1289 1022 1346 710,
1046 1301 1179 1333 anno
1202 1295 1319 1334 ante
1342 1286 1457 1335 Chr.
1479 1297 1581 1336 nat.
1607 1289 1689 1349 44,
1712 1289 1924 1339 scribere
1946 1292 2007 1339 de

321 1352 641 1412 divinatione,
663 1367 786 1415 quos
810 1351 961 1399 libros
985 1366 1085 1399 una
1113 1366 1226 1399 cum
1251 1352 1373 1398 libro
1397 1352 1457 1399 de
1469 1353 1610 1413 fato,
1625 1368 1771 1415 quem
1794 1354 1872 1402 his
1899 1365 2007 1404 erat

320 1419 656 1476 adiuncturus,
681 1417 823 1480 quasi
856 1416 1200 1479 supplementa
1232 1417 1362 1464 illius
1396 1419 1698 1478 quaestionis
1734 1419 1793 1466 de
1827 1429 2006 1468 natura

321 1484 512 1531 deorum
545 1498 652 1531 esse
685 1483 856 1531 voluit.
940 1482 1083 1530 Facit
1124 1490 1306 1542 autem,
1337 1497 1451 1530 cum
1484 1483 1536 1530 in
1568 1483 1689 1531 villa
1721 1484 2006 1534 Tusculana

319 1557 499 1609 essent,
521 1548 581 1608 Q.
606 1549 809 1596 fratrem
843 1562 1013 1595 secum
1047 1547 1121 1594 ita
1156 1547 1532 1608 colloquentem,
1554 1555 1611 1596 ut
1637 1556 1902 1611 postquam
1937 1551 1998 1610 Q.

320 1614 474 1662 frater
495 1628 643 1661 omne
669 1627 824 1673 genus
851 1612 1167 1660 divinationis
1190 1628 1218 1660 e
1240 1612 1500 1674 disciplina
1526 1613 1807 1662 Stoicorum
1837 1615 2004 1664 defeu-

319 1679 488 1740 disset,
511 1679 614 1741 ipse
641 1678 797 1727 altero
825 1676 950 1726 libro
978 1686 1151 1726 contra
1185 1678 1291 1740 ejus
1325 1678 1622 1726 sententiam
1653 1694 1781 1741 quae
1808 1680 1900 1728 sibi
1930 1681 2005 1729 di-

319 1745 479 1792 cenda
504 1745 786 1793 viderentur
817 1752 1102 1805 exponeret.
1176 1744 1239 1801 In
1274 1743 1434 1806 primo
1466 1744 1619 1804 igitur
1642 1744 1771 1792 libro
1804 1745 1998 1808 Cicero,

318 1809 647 1871 complurium
677 1808 966 1871 populorum
994 1817 1046 1856 et
1068 1808 1474 1871 philosophorum
1502 1810 1813 1872 opinionibus
1841 1811 1903 1860 de
1929 1812 2002 1859 di-

318 1876 584 1923 vinationis
617 1875 822 1922 veritate
854 1883 906 1921 et
939 1874 1150 1921 decretis
1186 1875 1236 1921 in
1264 1875 1530 1936 prooemio,
1565 1890 1671 1937 cap.
1699 1877 1812 1936 1—4,
1837 1875 1903 1935 §J
1915 1881 1996 1937 -7‚

317 1940 592 2002 explicatis,
615 1940 778 2001 ipsum
813 1939 1115 2000 colloquium
1150 1941 1371 2001 exponit.
1448 1940 1509 1999 Q.
1535 1940 1688 1988 frater
1714 1941 2002 2004 antiquissi-

317 2021 452 2052 mam
476 2021 529 2053 se
549 2005 842 2053 sententiam
869 2004 1005 2066 sequi
1028 2005 1303 2066 profitetur,
1326 2005 1545 2052 omnium
1572 2006 1861 2067 populorum
1883 2024 2003 2065 gen·

317 2072 542 2132 'tiumque
569 2085 809 2118 consensu
843 2070 1226 2130 comprobatam.
1302 2071 1425 2117 Esse
1458 2071 1591 2118 enim
1620 2071 1719 2118 duo
1746 2071 2001 2121 divinandi

316 2151 510 2195 genera,
535 2150 687 2183 unum
703 2135 1040 2195 artificiosum,
1062 2135 1192 2196 quod
1213 2137 1390 2197 partim
1408 2143 1601 2183 constet
1615 2150 1678 2182 ex
1695 2137 1994 2198 coniectura,

316 2202 496 2262 partim
515 2216 580 2248 ex
603 2201 944 2249 observatione
967 2200 1218 2260 diuturna,
1239 2200 1449 2247 alterum
1476 2201 1716 2262 naturale,
1736 2202 1872 2264 quod
1894 2204 2001 2250 ani-

317 2282 428 2314 mus
451 2266 664 2329 adripiat
687 2274 773 2313 aut
794 2265 1011 2326 excipiat
1033 2265 1342 2313 extrinsecus
1364 2279 1429 2322 ex
1448 2265 1721 2326 divinitate,
1744 2267 1877 2316 unde
1895 2284 1999 2316 om-

315 2346 403 2378 nes
423 2331 623 2380 haustos
641 2331 832 2379 animos
851 2330 1125 2393 libatosque
1139 2330 1426 2378 habeamus,
1482 2331 1684 2378 Nullam
1704 2342 1871 2380 autem
1893 2348 1999 2382 esse

315 2397 567 2444 civitatem
595 2405 680 2444 aut
707 2407 907 2455 gentem
936 2411 1062 2458 quae
1094 2410 1194 2443 non
1223 2396 1604 2456 astrologorum,
1627 2396 1852 2457 sortium,
1869 2413 1998 2446 som-

314 2462 508 2509 niorum
528 2462 860 2523 praedictione
878 2461 1064 2509 moveri
1087 2461 1259 2510 soleat.
1316 2462 1486 2524 Atque
1504 2461 1554 2508 in
1574 2461 1651 2508 his
1674 2463 1877 2510 omnino
1894 2479 1998 2510 ma-

313 2527 390 2587 gis
417 2538 592 2576 eventa
618 2542 783 2575 rerum
811 2527 1020 2590 spectari
1047 2541 1200 2588 quam
1228 2541 1400 2574 causas
1424 2527 1593 2589 quaeri
1622 2535 1847 2588 oportere
1868 2529 1999 2575 arbi-

313 2601 487 2642 tratur.
570 2593 734 2641 Multa
766 2594 899 2641 enim
933 2593 982 2639 in
1017 2607 1184 2639 rerum
1218 2601 1397 2640 natura
1430 2590 1669 2651 accidere,
1691 2606 1818 2653 quae
1849 2607 1997 2640 nemo

315 2658 506 2706 dubitet
533 2658 651 2719 quin
677 2674 792 2706 vera
815 2659 926 2717 sint,
950 2658 1101 2705 etiam
1127 2657 1166 2703 si
1191 2672 1280 2704 cur
1302 2658 1373 2704 ita
1394 2657 1624 2704 eveniant
1647 2656 1856 2718 ignoret,
1880 2673 1987 2720 cap.

314 2726 460 2784 5-13,
483 2722 510 2782 ἓ
536 2727 681 2772 8-23.
767 2725 943 2785 Neque
977 2737 1092 2770 vero
1129 2731 1388 2784 propterea
1423 2722 1694 2770 tollendam
1730 2737 1837 2770 esse
1873 2723 1994 2770 divi-

311 2789 581 2848 nationem,
599 2799 729 2852 quod
745 2790 991 2852 quaedam
1009 2787 1134 2836 falsa
1152 2788 1265 2846 sint,
1281 2787 1522 2849 quaedam
1544 2802 1640 2833 non
1662 2787 1748 2848 ita,
1763 2788 1834 2835 uti
1854 2802 1995 2849 prae-

312 2854 447 2901 dicta
489 2855 602 2912 sint,
630 2857 873 2903 eveniant.
971 2853 1159 2901 Multas
1197 2853 1331 2900 enim
1366 2853 1725 2914 praedictiones
1762 2862 1994 2901 eventum

312 2920 558 2979 habuisse,
588 2921 722 2982 quod
757 2934 938 2980 negare
978 2933 1127 2967 nemo
1165 2919 1333 2980 possit,
1363 2918 1456 2965 nisi
1494 2933 1691 2966 omnem
1730 2918 1993 2966 annalibus

310 2985 462 3033 fidem
501 2985 745 3045 detrahat,
770 3001 874 3048 cap.
903 2985 1076 3043 14-17,
1106 2982 1133 3041 ἓ
1160 2984 1336 3031 24-33.
1422 2984 1601 3045 Itaque
1636 2998 1688 3031 se
1722 2984 1782 3030 iis
1816 2983 1992 3031 adsen-

311 3051 410 3110 tiri,
439 3051 525 3113 qui
559 3051 658 3098 duo
691 3049 1004 3098 divinationis
1043 3063 1226 3109 genera
1264 3063 1370 3096 esse
1404 3048 1653 3109 dixerunt,
1682 3049 1802 3096 artis
1839 3064 1988 3096 unum

309 3116 570 3179 particepS‚
590 3130 765 3177 expers
799 3116 1022 3163 alterum.
1106 3114 1287 3161 Carere
1321 3122 1488 3160 autem
1520 3123 1625 3161 arte
1658 3129 1757 3171 eos,
1780 3114 1862 3175 qui
1890 3128 1989 3160 non

310 3182 504 3229 ratione
536 3190 622 3229 aut
651 3182 944 3235 coniectura,
966 3179 1235 3227 observatis
1270 3194 1329 3227 ac
1365 3178 1548 3226 notatis
1572 3178 1740 3238 signis,
1762 3179 1846 3226 sed
1874 3193 1989 3225 con-
