2205 3431
607 132 740 180 L113.
775 131 838 191 1.,
874 130 1032 181 CAP.
1063 128 1426 191 X11.-xv.,§
1453 132 1630 180 20-26.
1871 133 1964 178 155

281 232 542 290 macham
571 232 743 288 Ennii
774 232 845 288 ab
880 251 946 289 ea
973 251 1142 309 posse
1171 231 1453 288 describi?
1527 231 1808 309 Fingebat
1836 230 1963 288 Car-

282 313 487 369 neades
515 313 576 368 in
606 310 883 368 Chiorum
912 311 1237 388 lapicidinis
1266 331 1401 368 saxo
1431 310 1645 368 diffisso
1675 319 1848 389 caput
1876 331 1966 368 ex-

281 393 493 449 stitisse
526 391 789 449 Panisci:
826 393 996 449 credo
1030 392 1281 469 aliquam
1315 411 1432 448 non
1462 391 1797 449 dissimilem
1826 391 1965 468 figu-

280 492 420 543 ram,
445 472 544 529 sed
573 479 724 529 certe
753 490 869 528 non
898 472 1090 542 talem,
1119 479 1181 529 ut
1208 491 1330 528 eam
1363 472 1576 528 factam
1606 491 1640 528 a
1668 471 1857 548 Scopa
1884 472 1966 528 di-

281 572 451 610 ceres,
536 550 631 609 Sic
660 552 814 608 enim
844 571 903 609 se
931 552 1196 628 profecto
1224 571 1313 608 res
1342 551 1529 623 habet,
1555 559 1621 609 ut
1649 571 1965 629 numquam

281 632 536 709 perfecte
566 631 864 688 veritatem
893 651 1055 688 casus
1082 632 1356 689 imitetur.

362 711 527 770 XIV.
616 717 707 769 24.
753 712 837 768 At
870 731 986 768 non
1025 730 1337 788 numquam
1376 730 1458 783 ea,
1490 730 1633 788 quae
1674 711 1968 788 praedicta

282 800 432 863 sunt,
463 791 655 848 minus
688 791 972 848 eveniunt.
1058 791 1217 859 Quae
1251 791 1483 848 tandem
1512 792 1574 848 id
1603 811 1692 848 ars
1726 811 1842 848 non
1872 791 1968 847 ha·

281 871 413 929 bet?
446 891 636 929 earum
669 871 800 928 dico
828 872 1056 942 artium,
1081 890 1225 948 quae
1254 871 1580 928 coniectura
1600 872 1968 929 continentur

283 960 341 1009 ct
383 961 516 1009 sunt
559 951 890 1027 opinabiles
975 952 1072 1008 An
1110 951 1398 1008 medicina
1438 971 1527 1008 ars
1561 971 1677 1008 non
1709 952 1968 1028 putanda

283 1033 405 1089 est?
448 1050 618 1109 quam
653 1038 846 1088 tamen
875 1031 1058 1088 multa
1085 1031 1310 1088 fallunt.
1396 1030 1587 1099 Quid?
1627 1032 1969 1108 gubernato-

282 1131 371 1168 res
399 1130 589 1169 nonne
611 1111 924 1169 falluntur?
997 1111 1095 1173 An
1118 1110 1474 1168 Achivorum
1497 1113 1776 1169 exercitus
1798 1119 1856 1169 et
1877 1117 1968 1168 tot

282 1192 516 1248 navium
546 1198 791 1248 rectores
819 1211 935 1248 non
964 1192 1048 1248 ita
1072 1191 1322 1268 profecti
1351 1198 1485 1248 sunt
1512 1191 1583 1248 ab
1607 1191 1734 1263 Ilio,
1758 1199 1823 1248 ut
1835 1211 1970 1265 pro-

285 1273 533 1345 fectione
575 1272 710 1327 laeti
738 1272 991 1344 piscium
1035 1272 1333 1327 lasciviam
1366 1272 1739 1343 intuerentur,
1772 1279 1836 1329 ut
1887 1272 1969 1329 ait

284 1352 587 1422 PacuviuS,
612 1367 715 1409 nea
745 1352 940 1408 tuendi
968 1352 1200 1407 satietas
1227 1367 1422 1423 capere
1440 1352 1674 1424 posset?

288 1485 486 1531 Interea
507 1498 657 1545 prope
681 1482 778 1529 iam
805 1481 1061 1530 occidente
1085 1480 1187 1529 sole
1212 1481 1503 1529 inhorrescit
1523 1497 1676 1541 mare,

285 1550 538 1598 Tenebrae
554 1548 960 1610 conduplicantur
975 1548 1235 1609 noctisque
1248 1555 1298 1595 et
1309 1547 1533 1595 nimbum
1546 1556 1776 1596 occaecat
1786 1548 1968 1609 nigror.

288 1670 445 1727 Num
474 1669 652 1746 igitur
679 1675 769 1727 tot
797 1668 1237 1727 clarissimorum
1262 1668 1474 1726 ducum
1496 1686 1810 1746 regumque
1837 1688 1972 1726 nau·

286 1751 537 1827 fragium
568 1750 796 1807 sustulit
824 1756 1002 1806 artem
1026 1748 1417 1825 gubernandi?
1451 1756 1549 1806 aut
1572 1769 1710 1806 num
1735 1751 1973 1827 impera·

286 1839 477 1888 torum
515 1830 752 1887 scientia
785 1829 929 1886 nihil
959 1836 1059 1899 est,
1086 1828 1221 1906 quia
1248 1848 1505 1887 summus
1535 1830 1845 1906 imperator
1873 1850 1973 1887 nu-

288 1931 390 1989 per
422 1911 579 1986 fugit
612 1910 821 1967 amisso
850 1910 1139 1967 exercitu?
1181 1917 1281 1966 aut
1314 1929 1453 1966 num
1482 1917 1786 1986 propterea
1817 1911 1974 1968 nulla

289 1999 376 2049 est
405 1991 485 2047 rei
514 1989 775 2066 publicae
803 1990 1085 2066 gerendae
1114 1989 1259 2045 ratio
1295 1997 1465 2066 atque
1494 1990 1814 2065 prudentia,
1841 1990 1975 2067 quia

287 2071 473 2128 multa
528 2069 632 2127 Cn.
670 2069 1034 2146 Pompeium,
1072 2069 1351 2145 quaedam
1401 2069 1478 2126 M.
1521 2070 1820 2142 Catonem,
1855 2091 1973 2128 non

288 2150 445 2207 nulla
477 2150 648 2207 etiam
684 2156 743 2206 te
776 2150 966 2226 ipsum
1002 2148 1365 2206 fefellerunt?
1448 2149 1664 2206 Similis
1697 2159 1784 2208 est
1813 2151 1976 2208 haru-

289 2232 510 2308 spicum
533 2230 829 2305 responsio
852 2230 1154 2305 omnisque
1177 2228 1482 2305 opinabilis
1505 2230 1808 2288 divinatio:
1845 2250 1975 2288 con-

289 2312 507 2368 iectura
547 2310 700 2366 enim
744 2309 963 2380 nititur,
998 2309 1149 2365 ultra
1191 2328 1362 2385 quam
1396 2310 1665 2386 progredi
1700 2330 1816 2367 non
1850 2319 1977 2387 pot-

291 2397 393 2448 est.
480 2396 572 2447 25.
609 2389 694 2445 Ea
714 2388 864 2446 fallit
891 2389 1135 2446 fortasse
1163 2408 1282 2446 non
1304 2408 1635 2466 numquam,
1661 2391 1761 2447 sed
1782 2397 1976 2448 tamen

291 2471 367 2528 ad
393 2469 691 2526 veritatem
722 2469 1049 2545 saepissime
1082 2469 1309 2546 derigit.
1393 2469 1499 2526 Est
1527 2470 1681 2527 enim
1709 2470 1781 2527 ab
1817 2472 1978 2529 omni

291 2550 627 2608 aeternitate
662 2550 919 2626 repetita,
949 2550 1011 2605 in
1041 2568 1155 2626 qua
1181 2569 1312 2606 cum
1341 2568 1521 2626 paene
1554 2550 1979 2608 innumerabili-

291 2637 380 2687 ter
406 2649 495 2687 res
523 2630 727 2687 eodem
751 2630 924 2686 modo
954 2630 1246 2686 evenirent
1267 2630 1471 2686 iisdem
1495 2629 1674 2705 signis
1696 2637 1978 2706 antegres-

293 2711 387 2780 εἰς,
423 2729 513 2766 ars
555 2716 641 2767 est
682 2709 887 2767 effecta
927 2708 1129 2766 eadem
1163 2729 1330 2786 saepe
1372 2710 1878 2768 animadvertendo
1914 2730 1978 2768 ac

292 2790 566 2847 notando,

377 2870 511 2927 XV.
558 2869 836 2945 Auspicia
878 2888 1013 2926 vero
1055 2876 1242 2926 vestra
1285 2889 1455 2946 quam
1500 2870 1790 2928 constant!
1834 2889 1978 2947 quae

295 2950 530 3026 quidem
553 2968 704 3006 nunc
727 2969 760 3006 a
781 2949 1056 3007 Romanis
1078 2949 1389 3026 auguribus
1411 2950 1978 3026 ignorantur—bona

295 3030 406 3086 hoc
442 3037 542 3086 tua
573 3029 740 3086 venia
766 3029 1126 3086 dixerim—a
1153 3028 1443 3099 Cilicibus,
1476 3029 1853 3106 Pamphyliis‚
1886 3030 1977 3087 Pi-

250 3132 257 3138 ·
296 3109 453 3179 sidis,
485 3108 677 3186 Lyciis
705 3115 986 3166 tenentur.
1074 3115 1168 3167 26.
1215 3109 1364 3166 Nam
1396 3109 1536 3186 quid
1557 3128 1665 3185 ego
1688 3110 1977 3186 hospitem

296 3197 577 3262 nostrum,
601 3189 977 3247 clarissimum
1005 3196 1176 3267 atque
1206 3190 1490 3268 optimum
1522 3189 1723 3259 virum,
1747 3189 1976 3255 Deiota-

2039 3284 2130 3344 s
