2205 3431
563 108 701 157 LIB.
731 108 797 169 1.,
820 107 974 156 CAP.
1008 105 1476 167 XXX.-XXX11.,
1501 105 1529 165 ἓ
1558 107 1736 156 64-70.
1897 110 1988 157 171

702 208 907 269 Iamque
928 207 1055 255 mari
1078 220 1261 267 magno
1283 205 1453 254 classis
1476 207 1576 255 cita.

699 273 938 320 Texitur:
970 272 1182 320 exitium
1206 286 1419 319 examen
1437 271 1594 334 rapit:

699 337 964 397 Adveniet,
984 339 1088 385 fera
1110 337 1483 385 velivolantibus

698 402 921 451 Navibus
944 402 1207 465 complebit
1229 417 1402 450 manus
1420 402 1581 451 litora.

310 531 569 589 XXXII.
655 537 747 589 68.
791 531 1140 608 Tragoedias
1187 531 1347 608 loqui
1395 531 1595 588 videor
1641 537 1701 589 et
1747 530 1987 591 fabulas·

309 614 394 669 At
438 632 507 668 ex
547 619 606 669 te
646 613 774 688 ipso
816 631 933 668 non
975 612 1437 668 commenticiam
1472 631 1609 683 rem,
1642 611 1743 669 sed
1774 612 1989 669 factam

310 692 565 749 eiusdem
599 692 821 768 generis
853 691 1078 748 audivi:
1124 691 1187 748 C.
1213 690 1543 768 Coponium
1577 691 1652 748 ad
1678 697 1737 749 te
1770 692 1990 749 venisse

308 771 688 847 Dyrrhacth,
723 790 856 827 cum
900 771 1186 847 praetorio
1231 770 1475 847 imperio
1520 770 1683 828 classi
1728 771 1989 829 Rhodiae

310 858 608 927 praeesset,
653 870 785 908 cum
832 851 1034 927 primis
1082 850 1376 907 hominem
1426 852 1768 927 prudentem
1817 858 1989 928 atque

308 931 562 1001 doctum,
594 950 839 1007 eumque
873 931 1084 988 dixisse
1128 930 1405 1007 remigem
1441 931 1725 1007 quendam
1760 951 1792 989 e
1827 933 1990 1007 quin-

310 1012 563 1087 queremi
591 1010 952 1068 Rhodiorum
982 1011 1353 1067 vaticinatum
1383 1011 1770 1068 madefactum
1794 1012 1865 1067 iri
1885 1012 1989 1067 mi-

308 1110 416 1147 nus
452 1111 577 1147 xxx
612 1091 812 1148 diebus
839 1090 1136 1147 Graeciam
1166 1091 1457 1167 sanguine,
1482 1091 1710 1167 rapinas
1738 1091 1990 1167 Dyrrha-

307 1170 424 1227 chii
457 1178 514 1227 et
548 1171 1011 1227 conscensionem
1048 1171 1107 1227 in
1148 1190 1320 1228 naves
1362 1190 1492 1227 cum
1534 1171 1677 1247 fuga
1716 1172 1989 1246 fugienti·

307 1249 525 1327 busque
553 1250 932 1307 miserabilem
961 1258 1282 1326 respectum
1305 1251 1700 1308 incendiorum
1729 1252 1871 1321 fore,
1888 1251 1987 1307 sed

306 1329 666 1387 Rhodiorum
709 1330 871 1387 classi
912 1331 1303 1407 propinquum
1346 1331 1595 1388 reditum
1639 1350 1703 1388 ac
1749 1331 1988 1387 domum

304 1410 546 1467 itionem
575 1410 725 1467 dari:
768 1417 894 1468 tum
924 1429 1111 1487 neque
1138 1420 1197 1467 te
1226 1412 1415 1487 ipsum
1444 1430 1562 1467 non
1591 1430 1711 1468 esse
1738 1430 1989 1468 commo-

305 1497 430 1547 tum
461 1490 829 1567 Marcumque
863 1490 1186 1548 Varronem
1220 1498 1278 1547 et
1307 1490 1383 1547 M.
1409 1489 1707 1562 Catonem,
1734 1489 1833 1567 qui
1860 1497 1987 1547 tum

303 1570 387 1627 ibi
421 1578 597 1640 erant,
629 1571 831 1628 doctos
864 1569 1146 1640 homineS,
1178 1569 1543 1628 vehementer
1575 1590 1695 1628 esse
1729 1570 1990 1645 perterri-

304 1657 425 1707 tos:
470 1651 666 1727 paucis
699 1670 832 1707 sane
866 1657 1000 1728 post
1034 1649 1237 1707 diebus
1270 1670 1340 1708 ex
1368 1649 1695 1707 Pharsalica
1725 1651 1868 1728 fuga
1900 1669 1990 1707 ve·

305 1731 454 1788 nisse
489 1731 836 1789 Labienum:
883 1731 982 1807 qui
1023 1750 1155 1788 cum
1197 1732 1494 1789 interitum
1529 1731 1809 1789 exercitus
1846 1750 1989 1788 nun-

303 1811 575 1881 tiavisset,
612 1811 829 1888 reliqua
877 1811 1299 1868 vaticinationis
1339 1810 1496 1868 brevi
1537 1830 1658 1868 esse
1707 1811 1984 1868 confecta.

307 1897 399 1948 69.
446 1891 594 1948 Nam
642 1899 700 1948 et
749 1911 818 1948 ex
861 1891 1079 1948 horreis
1130 1891 1417 1968 direptum
1469 1891 1829 1968 effusumque
1870 1892 1988 1949 fru-

302 1979 563 2028 mentum
608 1972 725 2027 vias
769 1990 967 2027 omnes
1009 1972 1459 2048 angiportusque
1501 1979 1887 2029 constraverat
1930 1979 1988 2029 et

302 2071 475 2108 naves
517 2050 706 2107 subit-o
750 2051 1036 2127 perterriti
1070 2059 1229 2108 metu
1272 2051 1683 2108 conscendistis
1720 2060 1778 2109 et
1811 2060 1987 2109 noctu

302 2131 378 2187 ad
412 2130 690 2207 oppidum
740 2132 1108 2208 respicientes
1156 2130 1461 2208 flagrantes
1510 2132 1809 2202 onerariaS,
1848 2151 1988 2208 quas

303 2211 673 2268 incenderant
705 2210 933 2283 milites,
967 2212 1101 2288 quia
1143 2211 1303 2288 sequi
1340 2210 1655 2281 noluerant,
1686 2211 1984 2282 videbatiS‚

302 2298 594 2367 postremo
623 2310 657 2347 a
678 2290 908 2348 Rhodia
935 2291 1110 2348 classe
1139 2291 1347 2348 deserti
1370 2311 1566 2348 verum
1597 2299 1786 2348 vatem
1808 2291 1988 2349 fuisse

303 2371 573 2428 sensistis

386 2450 476 2507 70.
541 2450 799 2527 Exposui
849 2470 1020 2527 quam
1069 2450 1401 2508 brevissime
1443 2451 1609 2527 potui
1665 2451 1875 2508 somnii
1930 2458 1989 2507 et

302 2530 513 2587 furoris
555 2530 782 2587 oracula
816 2550 959 2607 quae
998 2550 1185 2587 carere
1220 2531 1473 2588 dixeram
1508 2539 1643 2587 arte.
1729 2530 1988 2598 Quorum

301 2610 602 2668 amborum
635 2629 909 2686 generum
946 2630 1059 2668 una
1091 2611 1237 2667 ratio
1272 2619 1373 2681 est,
1401 2630 1514 2687 qua
1546 2610 1857 2687 Cratippus
1890 2630 1989 2667 no-

303 2696 418 2746 ster
446 2691 532 2747 uti
561 2690 720 2761 solet,
743 2690 967 2747 animos
996 2690 1296 2746 hominum
1330 2691 1574 2767 quadam
1605 2710 1673 2747 ex
1702 2698 1864 2766 parte
1899 2711 1989 2747 ex-

303 2770 579 2826 trinsecus
613 2789 733 2827 esse
767 2778 980 2827 tractos
1013 2777 1072 2826 et
1106 2770 1355 2828 haustos
1440 2771 1526 2826 Ex
1563 2789 1677 2846 quo
1712 2770 1989 2846 intellegi-

305 2856 396 2905 tur
423 2869 544 2907 esse
573 2857 732 2907 extra
759 2850 1019 2906 divinum
1049 2850 1305 2906 animum
1327 2850 1612 2906 humanus
1640 2851 1792 2907 unde
1822 2851 1989 2907 duca-

303 2935 412 3000 tur,
436 2928 674 2986 humani
707 2937 899 2986 autem
935 2929 1112 2985 animi
1147 2949 1270 2986 eam
1301 2938 1539 3007 partem,
1567 2949 1709 3006 quae
1740 2950 1985 3001 sensum,

305 3027 446 3084 quae
474 3017 716 3079 motum,
743 3029 888 3086 quae
917 3010 1240 3085 appetitum
1264 3009 1487 3079 habeat,
1512 3028 1629 3066 non
1653 3030 1772 3067 esse
1802 3010 1873 3066 ab
1902 3029 1988 3067 ac-

303 3088 459 3145 tione
489 3090 743 3166 corporis
773 3089 1087 3165 seiugatam
1110 3107 1123 3146 ε
1169 3108 1313 3166 quae
1342 3097 1533 3147 autem
1557 3109 1685 3166 pars
1707 3090 1884 3147 animi
1906 3109 1988 3146 ra·

299 3167 477 3231 tionis
525 3175 697 3244 atque
748 3168 1170 3244 intellegentiae
1219 3169 1294 3226 sit
1343 3170 1644 3245 particepS,
1686 3188 1812 3226 eam
1859 3175 1984 3226 tum

2029 3254 2110 3310 t
