2205 3431
714 125 852 173 Lm.
877 124 975 185 11.‚
998 125 1157 173 CAP.
1183 124 1415 186 11.-1v.,
1438 123 1466 183 ς
1491 127 1636 173 6-11.
1956 128 2016 172 51

334 225 699 302 reperiemur,
724 226 1016 301 religione,
1042 226 1101 282 id
1133 233 1234 295 est,
1260 227 1418 283 cultu
1452 227 1688 283 deorum
1719 226 1903 283 multo
1934 247 2021 283 su-

334 306 599 382 perioreS.
688 311 739 362 9.
785 306 881 361 An
911 306 1043 363 Atti
1072 306 1244 362 Navii
1277 306 1453 363 lituus
1486 306 1596 376 ille,
1619 326 1734 383 quo
1767 307 1839 362 ad
1871 308 2021 364 inve-

335 385 664 462 stigandum
696 405 852 442 suem
883 386 1147 461 regiones
1176 387 1373 444 vineae
1402 387 1748 457 terminavit,
1770 394 2020 444 contem-

334 465 559 522 nendus
580 466 703 523 est?
784 466 1106 536 Crederem,
1129 467 1239 523 nisi
1268 467 1390 524 eius
1424 466 1663 542 augurio
1698 486 1794 523 rex
1823 467 2021 524 Hosti-

334 545 444 602 lius
483 546 735 602 maxima
766 545 915 603 bella
946 547 1227 622 gessisset.
1313 544 1430 604 Sed
1464 546 1826 624 neglegentia
1860 547 2020 604 nobi-

334 625 513 682 litatis
553 625 779 702 augurii
813 626 1117 703 disciplina
1150 627 1361 683 omissa
1392 628 1600 685 veritas
1634 627 2017 704 auspiciorum

335 713 526 782 spreta
554 714 656 777 est,
682 705 897 782 species
926 714 1150 763 tantum
1181 714 1417 765 retenta.
1505 707 1708 785 Itaque
1736 708 2020 765 maximae

334 787 413 842 rei
448 785 708 877 publicae
741 793 947 862 parteS,
979 787 1039 842 in
1073 786 1165 843 his
1197 786 1361 857 bella,
1395 787 1602 864 quibus
1641 788 1722 844 rei
1757 787 2018 864 publicae

334 866 484 922 salus
512 867 855 958 continetur,
875 866 1047 923 nullis
1069 867 1338 943 auspiciis
1359 867 1847 939 administrantur,
1865 868 2020 925 nulla

333 946 604 1022 perennia
645 966 766 1002 serv
770 955 952 1016 antur,
985 947 1141 1003 nulla
1174 967 1242 1004 ex
1277 947 1652 1018 acuminibus,
1686 947 1854 1019 nulla,
1887 968 2019 1005 cum

334 1026 441 1082 viri
474 1034 764 1096 vocantur,
790 1045 858 1083 ex
894 1046 1008 1102 quo
1045 1027 1101 1083 in
1139 1028 1440 1102 procinctu
1471 1034 1816 1085 testamenta
1842 1029 2020 1104 perie-

332 1113 481 1162 runt.
558 1105 710 1162 Tum
739 1107 890 1162 enim
915 1106 1063 1163 bella
1090 1126 1285 1183 gerere
1313 1109 1495 1164 nostri
1519 1108 1692 1164 duces
1714 1109 2016 1185 incipiunt,

332 1205 463 1242 cum
493 1186 746 1261 auspicia
773 1194 1104 1262 posuerunt.
1193 1193 1284 1244 10.
1321 1188 1406 1244 At
1427 1207 1562 1244 vero
1591 1188 1746 1264 apud
1775 1189 2019 1245 maiores

331 1273 492 1322 tanta
518 1265 813 1342 religionis
833 1267 919 1322 vis
940 1267 1071 1336 fuit,
1092 1273 1159 1323 ut
1181 1268 1413 1359 quidam
1443 1267 1815 1344 imperatores
1844 1269 2015 1325 etiam

331 1365 391 1402 se
424 1346 580 1422 ipsos
614 1346 704 1402 dis
737 1346 1159 1403 immortalibus
1193 1348 1379 1423 capite
1412 1347 1599 1404 velato
1629 1348 1815 1405 verbis
1849 1349 2019 1405 certis

330 1445 436 1501 pro
457 1444 517 1482 re
536 1425 766 1502 publica
787 1427 1147 1483 devoverent.
1213 1426 1397 1484 Multa
1418 1447 1486 1484 ex
1510 1427 1806 1504 Sibyllinis
1825 1429 2019 1485 vatici-

331 1505 677 1575 nationibus,
691 1506 872 1562 multa
889 1526 956 1562 ex
975 1506 1341 1583 haruspicum
1365 1509 1651 1583 responsis
1674 1527 2018 1564 commemo-

330 1605 452 1642 rare
481 1605 733 1662 possum,
760 1586 967 1662 quibus
1001 1606 1068 1643 ea
1100 1587 1525 1657 confirmentur,
1548 1607 1692 1664 quae
1722 1587 1898 1644 dubia
1925 1608 2017 1646 ne-

330 1665 474 1724 mini
497 1666 709 1725 debent
731 1686 866 1725 esse.
954 1666 1058 1725 IV.
1090 1667 1275 1745 Atqui
1298 1674 1356 1728 et
1378 1675 1703 1725 nostrorum
1735 1687 2015 1745 augurum

330 1757 390 1804 et
407 1747 774 1805 Etruscorum
795 1747 1161 1824 haruspicum
1185 1749 1547 1826 disciplinam
1572 1748 1638 1806 P.
1658 1748 1927 1826 Scipione
1950 1749 2014 1807 C.

332 1827 534 1904 Figulo
580 1828 908 1885 consulibus
945 1848 1033 1885 res
1067 1829 1193 1906 ipsa
1229 1829 1527 1905 probavit:
1574 1848 1718 1906 quos
1760 1849 1891 1886 cum
1926 1829 2013 1887 Ti.

329 1907 620 1965 Gracchus
663 1908 860 1965 consul
896 1909 1104 1965 iterum
1149 1917 1377 1979 crearet,
1409 1910 1629 1985 primus
1670 1917 1919 1986 rogator,
1951 1918 2017 1966 ut

330 2007 428 2044 eos
459 1987 699 2058 rettulit,
725 1988 940 2045 ibidem
977 1996 1063 2046 est
1096 1995 1330 2065 repente
1365 1999 1640 2046 mortuus
1726 1989 2017 2046 Gracchus

330 2087 459 2125 cum
490 2069 726 2125 comitia
753 2068 934 2125 nihilo
962 2069 1155 2125 minus
1183 2069 1493 2146 peregisset
1523 2089 1754 2147 remque
1777 2069 1930 2126 illam
1957 2070 2016 2126 in

328 2147 665 2225 religionem
698 2148 916 2225 populo
950 2149 1171 2206 venisse
1213 2149 1464 2217 sentiret,
1497 2150 1570 2205 ad
1606 2157 1862 2206 senatum
1908 2158 2017 2206 ret-

328 2228 476 2285 tulit.
563 2228 806 2285 Senatus
847 2249 990 2306 quos
1022 2229 1097 2285 ad
1132 2229 1338 2286 soleret
1370 2230 1733 2286 referendum
1777 2230 2012 2287 censuit.

328 2308 676 2385 Haruspices
697 2309 1013 2366 introducti
1032 2309 1450 2386 responderunt
1468 2328 1583 2366 non
1604 2310 1781 2367 fuisse
1799 2311 2014 2366 iustum

328 2389 691 2445 comitiorum
724 2397 1062 2465 rogatorem.
1153 2395 1243 2446 11.
1281 2389 1429 2447 Tum
1460 2390 1848 2460 GracchuS,ut
1870 2410 1899 2446 e
1922 2410 2016 2466 pa-

327 2476 413 2525 tre
457 2469 775 2539 audiebam,
808 2471 1072 2526 incensus
1115 2470 1229 2526 ira:
1278 2470 1494 2527 “Itane
1528 2471 1701 2527 vero?
1744 2489 1852 2546 ego
1895 2466 2012 2526 non

328 2549 527 2619 iustuS,
566 2550 660 2625 qui
706 2557 764 2606 et
806 2549 1000 2606 consul
1045 2550 1243 2626 rogavi
1278 2557 1336 2607 et
1370 2570 1552 2626 augur
1593 2558 1651 2607 et
1685 2550 2015 2625 auspicato?

327 2648 398 2685 an
430 2648 547 2699 νος,
573 2629 743 2686 Tusci
773 2649 838 2687 ac
866 2629 1108 2699 barbari,
1130 2630 1510 2707 auspiciorum
1542 2630 1743 2706 populi
1767 2629 2012 2686 Romani

326 2709 416 2765 ius
445 2710 653 2766 tenetis
682 2717 740 2767 et
769 2711 1109 2786 interpretes
1138 2729 1258 2767 esse
1287 2710 1654 2768 comitiorum
1684 2709 2009 2786 potestis?''

328 2788 530 2866 Itaque
558 2796 683 2846 tum
715 2790 843 2847 illos
876 2790 1028 2847 exire
1057 2790 1240 2847 iussit.
1328 2790 1472 2847 Post
1499 2797 1692 2847 autem
1728 2810 1758 2846 e
1788 2791 2014 2866 provin-

327 2870 416 2926 cia
444 2869 662 2927 litteras
690 2870 763 2927 ad
792 2869 1094 2945 collegium
1127 2870 1287 2927 misit
1316 2890 1391 2940 se,
1417 2890 1546 2927 cum
1577 2870 1791 2947 legeret
1819 2870 2010 2939 libros,

327 2950 686 3006 recordatum
719 2969 838 3007 esse
860 2951 1002 3007 vitio
1033 2950 1142 3007 sibi
1163 2950 1590 3007 tabernaculum
1622 2970 1666 3007 c
1631 2919 1852 3027 &aptum
1877 2951 2014 3006 fuis-

328 3048 387 3085 se
412 3023 636 3102 [hortos
659 3028 989 3107 Scipionis],
1011 3030 1184 3107 quod,
1206 3050 1332 3087 cum
1359 3031 1680 3106 pomerium
1704 3040 1905 3106 postca
1933 3031 2013 3086 in-

327 3116 531 3166 trasset
552 3109 801 3167 habendi
824 3118 1053 3167 senatus
1082 3129 1265 3177 causa,
1289 3110 1342 3165 in
1375 3110 1683 3177 redeundO,
1705 3129 1834 3164 cum
1859 3109 2011 3163 idem

328 3189 651 3266 pomerium
696 3190 976 3259 transiret,
1013 3189 1291 3264 auspicari
1337 3196 1484 3244 esset
1527 3188 1775 3244 oblitus:
1820 3187 2011 3260 itaque
