2205 3431
239 87 335 135 248
759 86 858 134 DE
889 85 1390 136 DIVINATIONE.

237 205 356 243 rere
385 186 664 263 quaedam
692 193 954 243 matrona
974 187 1209 263 cupiens
1231 187 1500 244 dubitans
1521 195 1742 246 essetne
1762 209 1922 266 prae-

237 285 419 341 gnans
444 267 570 323 visa
597 273 683 323 est
710 267 772 322 in
801 267 991 342 quiete
1014 267 1373 342 obsignatam
1402 266 1609 325 habere
1636 275 1917 329 naturam.

236 345 495 403 Rettulit.
581 345 830 421 Negavit
871 365 1012 415 eam,
1046 346 1317 422 quoniam
1362 346 1664 422 obsignata
1694 349 1917 421 fuisset,

239 425 536 501 concipere
563 426 834 501 potuisse.
912 424 996 482 At
1017 425 1158 481 alter
1178 433 1586 502 praegnantem
1610 447 1730 485 esse
1753 429 1918 489 dixit.

237 504 387 562 Nam
417 505 585 561 inane
620 504 907 581 obsignari
936 504 1079 561 nihil
1111 505 1304 563 solere.
1390 505 1548 574 Quae
1577 514 1663 565 est
1691 509 1801 565 ista
1830 529 1922 566 ars

237 585 574 641 coniectoris
608 584 890 641 eludentis
922 585 1195 659 ingenio?
1275 584 1371 641 An
1406 604 1487 656 ea,
1514 605 1657 661 quae
1692 587 1828 657 dixi,
1860 596 1922 646 et

236 663 686 733 innumerabilia,
709 683 852 740 quae
880 663 1117 720 collecta
1144 663 1359 721 habent
1387 663 1585 736 Stoici,
1612 667 1919 744 quicquam

238 742 561 819 significant
588 743 699 800 nisi
727 762 967 800 acumen
989 742 1291 800 hominum
1321 763 1390 801 ex
1419 745 1795 804 similitudine
1823 748 1922 804 ali-

238 842 349 898 qua
386 823 770 879 coniecturam
804 822 979 880 modo
1013 822 1143 894 huc,
1168 823 1343 881 modo
1378 824 1511 881 illuc
1544 825 1921 885 ducentium&

237 902 448 958 Medici
482 902 644 977 signa
679 902 957 979 quaedam
984 902 1200 960 habent
1233 923 1302 961 ex
1336 905 1495 961 venis
1528 911 1586 961 et
1614 925 1683 962 ex
1712 907 1920 982 spiritu

236 982 472 1056 aegroti,
496 981 804 1057 multisque
838 1001 906 1038 ex
936 982 1060 1039 aliis
1088 983 1285 1041 futura
1312 984 1719 1060 praesentiunt.
1805 986 1922 1044 Gu-

236 1061 562 1118 bernatores
584 1079 712 1118 cum
739 1062 1084 1119 exsultantes
1106 1063 1371 1138 loligines
1392 1063 1659 1120 viderunt
1686 1072 1785 1122 aut
1807 1065 1923 1122 del·

235 1141 445 1218 phinos
479 1160 537 1198 se
566 1141 624 1197 in
655 1148 888 1218 portum
923 1140 1287 1213 conicienteS,
1311 1149 1713 1219 tempestatem
1748 1144 1922 1221 signi-

235 1221 390 1277 ficari
418 1227 640 1298 putant.
726 1221 887 1279 Haec
921 1222 1142 1279 ratione
1171 1222 1440 1299 explicari
1469 1229 1527 1280 et
1553 1223 1626 1279 ad
1655 1231 1919 1280 naturam

235 1301 403 1357 facile
432 1301 679 1358 revocari
701 1308 958 1377 possunt,
980 1321 1046 1358 ea
1072 1321 1225 1372 verO,
1252 1321 1394 1378 quae
1416 1301 1588 1379 paulo
1616 1310 1750 1360 ante
1778 1304 1919 1375 dixi,

236 1380 393 1437 nullo
420 1381 612 1438 modo,
1625 1447 1629 1451 ⁴

315 1460 530 1517 LXXI.
620 1464 750 1517 146.
794 1459 879 1517 At
907 1460 1058 1517 enim
1084 1460 1405 1517 observatio
1429 1460 1921 1518 diuturna—haec

237 1541 390 1597 enim
439 1559 570 1616 pars
617 1560 731 1596 una
775 1540 1301 1597 restat-notandis
1343 1539 1512 1597 rebus
1543 1541 1685 1598 fecit
1717 1547 1916 1599 artem.

235 1619 351 1677 Ain
391 1620 662 1677 tandem?
704 1621 927 1677 somnia
968 1619 1251 1676 observari
1291 1621 1571 1695 possunt?
1652 1619 1918 1688 Quonam

236 1700 446 1758 modo?
528 1699 675 1757 Sunt
704 1701 858 1758 enim
888 1699 1328 1758 innumerabiles
1356 1699 1670 1758 varietateS.
1755 1699 1920 1758 Nihil

237 1788 354 1837 tam
389 1787 767 1857 praepostere,
792 1788 912 1837 tam
947 1779 1256 1849 incondite,
1280 1786 1399 1836 tam
1433 1787 1794 1837 monstruose
1828 1800 1921 1836 co—

237 1861 409 1936 gitari
455 1867 648 1936 potest
697 1860 853 1935 quod
901 1879 1017 1915 non
1067 1859 1351 1935 possimus
1405 1860 1701 1917 somniare.
1787 1858 1921 1927 Quo

236 1938 414 1995 modo
455 1939 633 2014 igitur
672 1938 811 1996 haec
853 1939 1078 1995 infinita
1120 1945 1178 1995 et
1220 1957 1443 2015 semper
1482 1958 1631 1995 nova
1672 1945 1771 1995 aut
1802 1958 1919 1995 me-

237 2019 419 2075 moria
459 2018 763 2095 complecti
805 2026 904 2075 aut
946 2017 1302 2075 observando
1344 2025 1544 2075 notare
1576 2020 1921 2094 possumus?

238 2097 535 2174 Astrologi
588 2105 782 2155 motus
842 2099 1150 2155 errantium
1207 2098 1495 2154 stellarum
1555 2105 1916 2155 notaverunt.

238 2179 511 2236 Inventus
545 2186 631 2235 est
653 2179 805 2235 enim
836 2178 976 2235 ordo
1005 2178 1066 2234 in
1094 2178 1166 2233 iis
1195 2178 1386 2247 stellis,
1414 2178 1512 2254 qui
1539 2197 1656 2234 non
1683 2177 1923 2253 putaba-

236 2265 345 2315 tur.
429 2258 589 2315 Cedo
622 2258 856 2315 tandem
892 2258 989 2334 qui
1023 2257 1099 2313 sit
1134 2257 1274 2313 ordo
1308 2264 1407 2313 aut
1442 2276 1585 2333 quae
1626 2275 1923 2314 concursa-

237 2339 321 2395 tio
344 2338 736 2395 somniorum?
809 2336 937 2405 Quo
960 2336 1137 2393 modo
1159 2343 1351 2393 autem
1375 2336 1654 2412 distingui
1676 2344 1924 2413 possunt

237 2437 368 2475 vera
389 2418 610 2474 somnia
631 2437 665 2473 a
683 2417 859 2487 falsis,
884 2436 1015 2473 cum
1045 2416 1244 2473 eadem
1267 2423 1325 2472 et
1346 2416 1470 2472 aliis
1493 2415 1656 2472 aliter
1677 2416 1923 2474 evadant

239 2505 296 2555 et
323 2498 528 2554 iisdem
555 2516 672 2553 non
702 2515 925 2573 semper
956 2495 1159 2553 eodem
1187 2495 1401 2552 modo?
1443 2501 1508 2551 ut
1535 2494 1680 2551 mihi
1708 2495 1920 2551 mirum

240 2578 512 2648 videatur,
538 2596 669 2633 cum
701 2575 963 2633 mendaci
992 2574 1215 2631 homini
1245 2594 1316 2646 ne
1349 2594 1546 2631 verum
1576 2574 1805 2651 quidem
1838 2574 1923 2630 di-

239 2658 391 2714 centi
434 2657 658 2714 credere
700 2656 996 2724 soleamUS,
1030 2673 1144 2730 quo
1187 2654 1363 2710 modo
1399 2653 1511 2723 isti,
1544 2654 1592 2710 si
1630 2654 1922 2710 somnium

240 2756 435 2793 verum
464 2737 641 2793 evasit
669 2735 917 2811 aliquod,
938 2753 1055 2790 non
1085 2753 1154 2789 ex
1183 2733 1381 2790 multis
1402 2734 1597 2809 potius
1623 2733 1723 2789 uni
1745 2731 1922 2791 fidem

241 2816 516 2890 derogent
545 2834 715 2891 quam
745 2834 814 2870 ex
844 2833 957 2869 uno
987 2811 1425 2869 innumerabilia
1452 2812 1803 2869 confirment.

325 2894 454 2948 147.
501 2894 562 2948 Si
590 2894 767 2967 igitur
793 2912 978 2968 neque
1008 2892 1149 2948 deus
1182 2898 1269 2948 est
1297 2892 1533 2948 effector
1566 2892 1923 2949 somniorum

241 2989 425 3045 neque
466 2978 698 3026 naturae
741 2971 980 3027 societas
1012 2971 1129 3028 ulla
1161 2990 1293 3028 cum
1327 2971 1566 3027 somniis
1598 2990 1782 3047 neque
1826 2971 1925 3027 ob-

244 3048 558 3104 servatione
598 3049 839 3103 inveniri
881 3050 1074 3123 potuit
1117 3050 1369 3120 scientia,
1406 3050 1676 3106 effectum
1726 3057 1811 3106 est
1856 3058 1926 3107 ut

243 3125 385 3182 nihil
408 3144 636 3198 prorsus
664 3127 902 3181 somniis
923 3127 1291 3185 tribuendum
1322 3130 1411 3200 sit,
1433 3130 1765 3205 praesertim
1788 3148 1930 3187 cumr
