2205 3431
570 99 707 148 ΠΒ.
741 100 836 160 11.,
861 99 1015 149 CAP.
1049 100 1358 162 X1.-x111.,
1383 99 1411 160 ς
1436 103 1613 150 29-36.
1879 105 1942 149 59

255 199 335 256 ris
377 218 497 257 esse
530 219 756 258 necesse
800 208 886 258 est
920 221 1090 278 quam
1126 210 1348 278 partem
1390 202 1640 279 aliquam
1675 203 1939 260 universi.

257 279 431 347 Quod
452 281 500 337 si
522 280 602 337 ita
624 288 724 351 est,
747 282 971 357 sapiens
993 282 1067 339 sit
1089 282 1340 339 mundus
1362 302 1589 340 necesse
1618 289 1719 340 est.
1790 282 1938 339 Nam

256 361 320 415 ni
354 360 436 416 ita
469 367 631 432 esset,
656 360 968 431 hominem,
1003 362 1100 438 qui
1136 370 1222 419 est
1255 363 1456 419 mundi
1491 382 1637 440 parS,
1670 363 1942 439 quoniam

257 439 497 497 rationis
526 447 612 498 est
634 441 933 517 particepS,
954 442 1134 518 pluris
1163 461 1282 499 esse
1312 462 1483 518 quam
1513 443 1794 499 mundum
1825 462 1942 499 om-

258 538 390 576 nem
421 526 724 598 oporteret.

349 608 439 658 33.
471 601 668 677 Atque
703 601 892 670 etiam,
920 600 966 657 si
996 620 1029 657 a
1056 601 1259 679 primis
1292 601 1690 679 incohatisque
1724 603 1943 658 naturis

259 684 334 741 ad
369 681 598 738 ultimas
632 681 1027 757 perfectasque
1057 681 1321 738 volumus
1354 682 1678 759 procedere,
1704 682 1778 738 ad
1812 682 1944 738 deo-

259 783 384 821 rum
416 768 678 818 naturam
707 761 1104 836 perveniamus
1132 781 1359 819 necesse
1388 770 1488 820 est.
1558 762 1757 819 Primo
1788 762 1940 819 enirn

260 841 766 913 animadvertimus
795 859 829 896 a
856 849 1058 898 natura
1086 842 1350 898 sustineri
1374 862 1440 898 ea
1467 861 1611 919 quae
1632 843 1945 919 gignantur

260 944 292 981 e
320 930 485 993 terra,
512 920 719 997 quibus
752 928 956 977 natura
988 921 1132 977 nihil
1163 922 1367 978 tribuit
1395 922 1641 998 amplius
1676 942 1848 999 quam
1880 930 1944 979 ut

261 1023 328 1060 ea
360 1001 564 1059 alendo
599 1007 770 1076 atque
811 1001 1074 1077 augendo
1109 1008 1377 1059 tueretur.
1466 1008 1558 1060 34.
1595 1002 1809 1060 Bestiis
1850 1022 1945 1059 au-

260 1090 378 1140 tem
409 1089 467 1138 et
489 1099 716 1137 sensum
746 1086 804 1137 et
825 1088 1046 1137 motum
1074 1081 1235 1138 dedit
1256 1088 1314 1138 et
1335 1101 1467 1138 cum
1497 1082 1747 1159 quodam
1776 1102 1945 1159 appe-

260 1164 374 1220 titu
403 1180 691 1219 accessum
719 1160 794 1217 ad
822 1180 909 1217 res
938 1160 1224 1231 salutareS,
1250 1181 1284 1218 a
1310 1162 1598 1238 pestiferis
1625 1181 1941 1220 recessum:

261 1242 372 1299 hoc
404 1241 628 1297 homini
661 1239 923 1318 ampliuS,
950 1241 1107 1317 quod
1139 1241 1365 1298 addidit
1397 1243 1693 1312 rationem,
1720 1262 1833 1319 qua
1864 1262 1945 1299 re-

261 1329 531 1400 gerentur
552 1320 729 1377 animi
750 1321 1057 1397 appetituS,
1080 1322 1178 1398 qui
1200 1329 1325 1378 tum
1356 1323 1796 1392 remitterentur,
1818 1330 1943 1379 tum

262 1402 706 1460 continerentur.
793 1400 960 1458 XIII.
999 1400 1247 1469 Quartus
1289 1409 1481 1458 autem
1516 1403 1726 1478 gradus
1768 1410 1854 1459 est
1888 1411 1945 1459 et

263 1482 576 1539 altissimus
611 1500 807 1536 eorum
852 1481 950 1557 qui
985 1488 1189 1538 natura
1221 1482 1360 1539 boni
1395 1483 1789 1559 sapientesque
1822 1483 1946 1558 gig-

263 1569 496 1632 nuntur,
520 1559 726 1637 quibus
755 1580 789 1617 a
809 1561 1093 1638 principio
1117 1562 1431 1619 innascitur
1458 1562 1603 1618 ratio
1633 1572 1787 1620 recta
1815 1583 1946 1619 con-

264 1651 550 1719 stansque,
583 1660 726 1718 quae
769 1661 938 1718 supra
970 1641 1262 1698 hominem
1307 1642 1564 1720 putanda
1604 1649 1690 1699 est
1724 1643 1946 1720 deoque

264 1722 584 1792 tribuenda,
596 1722 657 1778 id
677 1729 779 1792 est,
794 1722 1030 1791 mundo,
1054 1723 1114 1779 in
1139 1743 1252 1799 quo
1275 1743 1501 1781 necesse
1524 1731 1610 1781 est
1631 1724 1945 1800 perfectam

264 1803 420 1860 illam
456 1810 628 1878 atque
662 1801 980 1859 absolutam
1009 1802 1194 1860 inesse
1228 1805 1525 1861 rationem.
1614 1810 1705 1861 35.
1744 1804 1946 1881 Neque

266 1883 418 1940 enim
456 1882 570 1938 dici
600 1889 791 1958 potest
820 1886 877 1938 in
909 1882 1024 1939 ulla
1055 1902 1246 1940 rerum
1275 1885 1639 1941 institutione
1672 1905 1790 1942 non
1826 1905 1946 1942 esse

265 1963 482 2039 aliquid
505 1970 822 2019 extremum
845 1970 1017 2039 atque
1039 1964 1377 2039 perfectum.
1446 1964 1535 2023 Ut
1557 1965 1789 2022 enimin
1812 1966 1944 2035 vite,

265 2050 333 2100 ut
360 2044 419 2100 in
449 2042 684 2119 pecude,
708 2043 818 2099 nisi
841 2062 985 2119 quae
1013 2044 1100 2100 vis
1130 2044 1371 2115 obstitit,
1392 2045 1653 2102 videmus
1686 2053 1946 2103 naturam

266 2143 371 2180 suo
415 2122 663 2199 quodam
697 2121 899 2180 itinere
933 2122 1008 2179 ad
1034 2123 1304 2182 ultimum
1338 2127 1647 2202 pervenire,
1680 2133 1850 2202 atque
1882 2133 1949 2183 ut

266 2203 492 2280 pictura
523 2208 582 2258 et
609 2202 827 2259 fabrica
860 2209 1190 2280 ceteraeque
1219 2212 1371 2262 artes
1399 2205 1613 2263 habent
1663 2208 1948 2283 quendam

266 2282 514 2340 absoluti
544 2282 732 2359 operis
760 2283 1046 2350 effectum,
1067 2285 1147 2342 sic
1169 2285 1229 2341 in
1260 2286 1417 2342 omni
1439 2292 1655 2357 natura,
1672 2306 1737 2343 ac
1764 2287 1949 2343 multo

267 2363 443 2420 etiam
486 2363 685 2437 magiS,
718 2382 942 2419 necesse
985 2371 1071 2420 est
1113 2364 1329 2422 absolvi
1372 2361 1695 2443 aliquid'ac
1736 2366 1946 2443 perfici.

268 2442 501 2500 Etenim
531 2443 731 2500 ceteris
760 2443 977 2500 naturis
1005 2443 1187 2501 multa
1215 2453 1447 2503 externa
1475 2466 1589 2522 quo
1617 2447 1809 2503 minus
1830 2465 1952 2523 per-

267 2523 534 2579 ficiantur
554 2530 796 2598 possunt
819 2523 1109 2595 obsistere,
1134 2526 1450 2582 universam
1474 2533 1665 2584 autem
1688 2533 1950 2583 naturam

270 2602 426 2659 nulla
452 2622 540 2659 res
568 2611 760 2680 potest
787 2604 1082 2680 impedire,
1102 2613 1406 2681 propterea
1441 2606 1597 2683 quod
1626 2626 1825 2663 omnes
1858 2625 1953 2661 na-

269 2690 426 2740 turas
454 2683 580 2759 ipsa
607 2683 838 2741 cohibet
865 2690 924 2740 et
952 2685 1226 2743 continet.
1306 2685 1585 2754 Quocirca
1611 2705 1838 2743 necesse
1868 2693 1953 2743 est

271 2782 393 2819 esse
427 2770 693 2840 quartum
723 2764 885 2821 illum
914 2770 973 2821 et
1001 2764 1340 2822 altissimum
1371 2767 1614 2843 gradum
1651 2784 1764 2843 quo
1798 2765 1955 2823 nulla

271 2843 358 2900 vis
386 2844 570 2919 possit
598 2845 876 2901 accedere.
957 2850 1048 2903 36.
1086 2845 1146 2901 Is
1174 2853 1365 2903 autem
1396 2853 1482 2903 est
1509 2846 1719 2922 gradus
1748 2846 1808 2903 in
1839 2866 1953 2923 quo

271 2943 460 2980 rerum
481 2925 739 2981 omnium
760 2932 962 2981 natura
977 2926 1229 3001 ponitur,
1254 2946 1397 3003 quae
1422 2926 1694 3003 quoniam
1717 2926 1847 2983 talis
1870 2933 1955 2983 est

270 3011 338 3059 ut
367 3011 426 3060 et
446 3005 658 3080 praesit
688 3004 954 3060 omnibus
982 3013 1040 3062 et
1063 3025 1188 3062 eam
1218 3005 1372 3063 nulla
1398 3027 1487 3064 res
1514 3007 1696 3083 possit
1717 3006 1956 3082 impedi-

272 3102 350 3150 re,
370 3103 596 3141 necesse
619 3092 705 3141 est
726 3084 1150 3160 intellegentem
1183 3106 1303 3143 esse
1331 3087 1612 3143 mundum
1642 3093 1700 3143 et
1722 3086 1955 3161 quidem

272 3164 445 3220 etiam
469 3165 800 3242 sapientem.
872 3164 1025 3238 Quid
1044 3173 1235 3224 autem
1256 3173 1341 3223 est
1359 3166 1618 3225 inscitius
1635 3178 1805 3243 quam
1831 3184 1955 3223 eam
