2205 3431
514 146 653 196 LIB.
682 147 778 207 11.‚
805 146 962 197 CAP.
991 145 1441 209 LXIV.-LXV1.‚
1471 147 1499 207 ξ
1526 151 1765 199 161-167.
1881 153 1975 199 1Οό

297 268 488 306 semus
521 249 596 305 ob
624 249 727 305 has
761 268 970 319 causaS,
998 268 1139 325 quas
1176 256 1308 307 ante
1341 249 1607 321 diximuS,
1630 250 1722 308 his
1751 271 1976 329 quoque

296 328 628 386 hominibus
683 328 1003 399 consulunt,
1037 330 1136 406 qui
1178 329 1279 385 has
1327 329 1626 387 nobiscum
1674 338 1849 388 terras
1904 332 1976 389 ab

297 408 515 465 oriente
556 408 629 465 ad
664 409 1017 466 occidentem
1060 408 1273 466 colunt.
1364 415 1492 467 165.
1545 410 1646 467 Sin
1682 420 1871 469 autem
1906 413 1976 470 iis

238 490 244 493 ⁴
295 488 616 560 consulunt,
650 489 748 566 qui
783 489 943 565 quasi
975 508 1244 565 magnam
1281 490 1565 567 quandam
1609 491 1852 548 insulam
1896 492 1979 548 in-

294 567 511 639 colunt,
545 588 715 645 quam
749 588 855 626 nos
889 568 1085 625 orbem
1119 575 1302 625 terrae
1342 588 1627 639 vocamuS,
1660 570 1831 626 etiam
1867 570 1977 626 illis

294 647 615 719 consulunt,
649 649 747 725 qui
778 655 969 725 partes
1011 650 1133 706 eius
1174 648 1392 706 insulae
1425 655 1641 719 tenent,
1666 648 1973 726 Europam,

294 727 512 799 Asiam,
537 728 814 785 Africam.
900 728 1055 805 Ergo
1090 736 1150 786 et
1176 748 1369 785 earum
1397 736 1588 805 partes
1621 729 1886 806 diligunt,
1911 737 1978 787 ut

293 806 557 878 Romam,
588 807 864 879 Athenae,
896 808 1177 885 Spartam,
1203 808 1473 866 Rhodum
1510 817 1569 866 et
1601 829 1795 866 earum
1830 810 1978 867 urbi·

293 906 393 942 um
422 887 725 964 separatim
755 888 829 944 ad
858 889 1135 945 universis
1164 889 1419 965 singulos
1453 889 1719 966 diligunt,
1744 897 1809 947 ut
1837 890 1978 967 Pyr-

293 965 383 1023 rhi
431 966 585 1024 bello
641 966 896 1039 Curium,
933 968 1274 1040 Fabricium,
1311 968 1751 1040 Coruncanium,
1787 970 1975 1047 primo

293 1045 515 1103 Punico
576 1046 920 1119 Calatinum,
959 1047 1263 1119 Duillium,
1308 1048 1620 1118 Metellum,
1662 1049 1973 1122 Lutatium,

293 1126 542 1183 secundo
585 1126 920 1197 Maximum,
945 1127 1294 1199 Marcellum,
1320 1128 1679 1200 Africanum,
1704 1137 1837 1206 post
1869 1130 1977 1186 hos

292 1205 576 1278 Paullum,
621 1206 960 1279 Gracchum,
1006 1208 1305 1279 Catonem,
1347 1217 1645 1285 patrumve
1700 1210 1979 1267 memoria

293 1285 639 1362 Scipionem,
672 1287 943 1358 Laelium,
974 1287 1303 1365 multosque
1344 1296 1634 1364 praeterea
1682 1298 1741 1346 et
1781 1298 1978 1347 nostra

293 1366 492 1422 civitas
525 1374 584 1424 et
616 1366 855 1424 Graecia
886 1367 1023 1424 tulit
1056 1368 1371 1443 singulares
1406 1370 1570 1439 virOS,
1605 1388 1848 1446 quorum
1883 1389 1977 1427 ne-

290 1446 506 1502 minem
537 1447 647 1503 nisi
676 1447 907 1504 iuvante
942 1448 1050 1504 deo
1079 1447 1255 1505 talem
1282 1448 1460 1505 fuisse
1494 1448 1840 1505 credendum
1871 1457 1972 1507 est.

295 1530 425 1582 166.
471 1525 630 1594 Quae
671 1527 818 1583 ratio
861 1534 1065 1603 poetas
1107 1528 1467 1604 maximeque
1509 1527 1831 1586 Homerum
1874 1530 1977 1586 im-

291 1604 457 1681 pulit,
488 1612 554 1662 ut
596 1606 950 1683 principibus
997 1606 1256 1678 heroum,
1288 1607 1468 1678 Ulixi,
1498 1606 1792 1679 Diomedi,
1824 1608 1978 1685 Aga-

289 1686 601 1758 memnoni,
632 1686 865 1759 Achilli,
897 1694 1081 1745 certos
1125 1687 1263 1746 deos
1305 1686 1699 1746 discriminum
1742 1695 1801 1746 et
1832 1690 1976 1766 peri-

291 1766 550 1823 culorum
605 1767 846 1825 comites
906 1767 1257 1844 adiungeret.
1364 1768 1665 1826 Praeterea
1717 1769 1974 1846 ipsorum

291 1846 528 1903 deorum
563 1867 730 1924 saepe
759 1848 1109 1924 praesentiae
1141 1848 1333 1925 quales
1367 1868 1537 1925 supra
1570 1851 1977 1906 commembra-

290 1925 364 1996 vi,
389 1925 676 1987 declarant
704 1927 774 1984 ab
805 1927 894 1984 his
929 1935 987 1985 et
1015 1928 1345 1985 civitatibus
1378 1937 1437 1986 et
1465 1929 1704 2005 singulis
1731 1929 1977 1986 homini-

288 2006 397 2063 bus
438 2007 691 2064 consuli:
737 2007 893 2084 quod
928 2008 1161 2084 quidem
1197 2008 1547 2084 intellegitur
1588 2009 1762 2066 etiam
1806 2010 1977 2086 signi-

290 2085 650 2143 ficationibus
694 2106 880 2144 rerum
925 2088 1267 2159 futurarum,
1294 2108 1436 2165 quae
1477 2096 1603 2145 tum
1647 2089 1976 2147 dormienti·

288 2166 412 2236 buS‚
444 2173 568 2223 tum
599 2167 970 2243 vigilantibus
997 2169 1436 2244 portenduntur.
1522 2168 1706 2225 Multa
1733 2176 1977 2245 praeter·

290 2265 358 2303 ea
412 2247 668 2316 ostentiS,
706 2247 888 2304 multa
935 2249 1109 2304 etiam
1152 2249 1299 2305 extis
1340 2249 1716 2305 admonemur
1759 2249 1977 2306 multis-

291 2345 402 2402 que
444 2327 612 2383 rebus
653 2326 794 2397 aliis,
827 2347 967 2404 quas
1007 2328 1314 2385 diuturnus
1356 2348 1491 2385 usus
1525 2328 1605 2385 ita
1646 2329 1884 2398 notavit,
1910 2337 1976 2386 ut

289 2413 471 2463 artem
506 2406 876 2463 divinationis
918 2406 1180 2465 efficeret.
1270 2407 1400 2465 167.
1448 2408 1636 2465 Nemo
1670 2409 1849 2484 igitur
1890 2410 1977 2466 vir

289 2504 533 2562 magnus
583 2486 704 2543 sine
759 2486 951 2562 aliquo
1007 2487 1223 2545 adfiatu
1271 2488 1468 2545 divino
1517 2507 1789 2565 umquam
1840 2489 1971 2547 fuit.

290 2564 413 2622 Nec
447 2584 580 2622 vero
609 2567 692 2623 ita
724 2566 1101 2624 refellendum
1137 2574 1238 2638 est,
1263 2574 1345 2639 ut,
1371 2568 1419 2624 si
1448 2569 1736 2644 segetibus
1770 2575 1869 2625 aut
1899 2570 1976 2625 vi-

289 2645 439 2702 netis
473 2645 793 2723 cuiuspiam
827 2654 1138 2724 tempestas
1170 2648 1431 2704 nocuerit
1464 2656 1563 2704 aut
1592 2648 1638 2704 si
1670 2648 1809 2724 quid
1838 2667 1868 2704 e
1896 2649 1977 2704 vi-

289 2731 383 2782 tae
416 2726 738 2783 commodis
770 2745 932 2784 casus
965 2726 1279 2798 abstulerit,
1305 2746 1453 2797 eum,
1479 2728 1571 2784 cui
1600 2728 1740 2804 quid
1767 2727 1973 2785 horum

291 2804 576 2876 acciderit,
603 2812 701 2862 aut
730 2806 975 2862 invisum
1007 2806 1117 2863 deo
1151 2819 1250 2863 aut
1278 2806 1599 2884 neglectum
1632 2827 1666 2864 a
1693 2808 1801 2864 deo
1829 2809 1975 2865 iudi-

290 2903 499 2942 cemus
586 2884 798 2961 Magna
845 2886 906 2942 di
940 2893 1156 2956 curant,
1188 2905 1362 2962 parva
1404 2887 1731 2963 neglegunt.
1817 2887 1976 2964 Ma„-

289 2964 380 3020 nis
424 2972 616 3021 autem
666 2965 800 3021 viris
845 2985 1114 3042 prospere
1151 2961 1471 3044 [eveniunt]
1510 2987 1732 3043 semper
1776 2988 1975 3024 omncs

288 3063 395 3112 reS,
429 3044 475 3101 si
513 3044 743 3120 quidem
788 3045 924 3102 satis
959 3065 992 3102 a
1024 3047 1237 3103 nostris
1270 3053 1328 3103 et
1362 3067 1395 3104 a
1427 3047 1685 3124 principe
1725 3046 1973 3124 philoso-

289 3123 461 3200 phiae
503 3123 736 3184 Socrate
777 3125 998 3184 dictum
1032 3133 1120 3184 est
1153 3125 1224 3183 de
1258 3126 1613 3185 ubertatibus
1647 3127 1875 3184 virtutis
1915 3134 1974 3184 et

289 3221 488 3280 copus,
