2205 3431
210 98 275 144 64
661 94 759 142 DE
794 95 1090 144 NATURA
1124 95 1444 145 DEORUM.

213 196 313 273 qui
334 195 526 259 κύκλος
547 194 761 253 Graece
783 195 1006 266 dicitur,
1027 195 1119 252 his
1141 195 1361 253 duabus
1382 195 1585 253 formis
1606 196 1891 273 contingit

213 276 348 332 solis
381 283 447 332 ut
475 294 674 332 omnes
708 294 899 332 earum
929 282 1120 351 partes
1152 276 1268 331 sint
1296 276 1445 333 inter
1478 295 1537 332 se
1571 276 1892 334 simillimae

212 375 247 412 a
279 356 585 432 medioque
611 362 836 412 tantum
875 355 1025 411 absit
1053 362 1368 412 extremum
1403 349 1710 432 [quantum
1737 357 1892 413 idem

211 455 246 492 a
278 433 549 512 summo],
575 454 690 511 quo
723 434 865 491 nihil
901 434 1020 491 fieri
1049 441 1243 511 potest
1275 435 1480 510 aptius,
1565 440 1658 492 48.
1697 435 1811 493 Sed
1845 436 1893 492 si

211 515 351 573 haec
381 534 497 572 non
520 514 744 585 videtis,
766 514 900 590 quia
926 533 1241 590 numquam
1270 515 1559 571 eruditum
1581 515 1743 571 illum
1771 515 1895 592 pul-

213 615 402 652 verem
444 594 733 669 attigistis,
767 613 838 650 ne
879 592 990 650 hoc
1034 594 1267 670 quidem
1308 594 1535 671 physici
1567 594 1894 671 intellegere

212 675 499 751 potuistiS,
519 674 666 730 hanc
695 673 1158 749 aequabilitatem
1184 681 1378 731 motus
1399 675 1894 752 constantiamque

214 755 482 811 ordinum
511 754 570 809 in
600 753 710 809 alia
730 752 913 829 figura
944 773 1060 810 non
1090 754 1345 830 potuisse
1374 755 1617 812 servari?
1693 754 1894 831 Itaque

215 834 357 891 nihil
386 840 579 911 potest
607 852 726 890 esse
758 833 1048 890 indoctius
1083 853 1255 909 quam
1291 832 1447 909 quod
1476 853 1510 890 a
1535 834 1699 891 vobis
1732 834 1895 891 adfir-

212 914 357 970 mari
379 913 539 970 solet.
609 912 729 970 Nec
753 913 905 970 enim
929 913 1080 970 hunc
1098 914 1288 989 ipsum
1311 913 1590 970 mundum
1610 934 1715 990 pro
1738 921 1893 972 certo

213 994 527 1050 rotundum
557 1012 677 1050 esse
699 993 917 1049 dicitis:
954 1013 1086 1050 nam
1109 1013 1277 1069 posse
1298 993 1420 1050 fieri
1442 999 1508 1050 ut
1529 995 1604 1050 sit
1625 994 1735 1050 alia
1755 993 1895 1070 figu-

212 1093 290 1143 ra,
312 1072 866 1149 innumerabilesque
900 1072 1148 1129 mundos
1182 1072 1324 1130 alios
1357 1073 1593 1130 aliarum
1628 1093 1747 1130 esse
1781 1075 1895 1129 for-

213 1172 452 1210 marum.
538 1157 632 1209 49.
670 1152 844 1223 Quae,
865 1153 912 1209 si
936 1152 1022 1208 bis
1050 1152 1188 1210 bina
1216 1159 1358 1229 quot
1386 1159 1575 1211 essent
1602 1153 1895 1211 didicisset

213 1233 511 1309 EpicuruS,
532 1239 682 1290 certe
704 1251 819 1288 non
844 1232 1073 1290 diceret.
1147 1232 1260 1290 Sed
1283 1233 1420 1289 dum
1445 1233 1636 1309 palato
1660 1233 1797 1310 quid
1820 1234 1895 1290 sit

215 1313 502 1388 optimum
525 1312 757 1382 iudicat,
784 1312 817 1339 ‘⁴
838 1311 976 1369 caeli
996 1311 1308 1389 palatum,'’
1334 1320 1399 1369 ut
1419 1313 1500 1369 ait
1521 1313 1754 1383 EnniuS,
1778 1332 1894 1369 non

215 1392 484 1470 suspexiti
562 1391 729 1449 XIX.
761 1391 912 1448 Nam
941 1411 1070 1449 cum
1102 1392 1217 1449 duo
1248 1393 1365 1449 sint
1391 1412 1599 1469 genera
1627 1393 1892 1463 siderum,

216 1491 460 1549 quorum
489 1471 731 1528 alterum
760 1472 959 1548 spatiis
981 1471 1437 1529 immutabilibus
1466 1472 1537 1529 ab
1560 1479 1689 1529 ortu
1712 1472 1784 1528 ad
1807 1492 1897 1529 oc-

213 1572 408 1608 casum
442 1571 768 1609 commeans
801 1551 1018 1608 nullum
1063 1571 1338 1628 umquam
1381 1572 1576 1609 cursus
1609 1553 1698 1608 sui
1730 1552 1897 1609 vesti-

213 1633 375 1708 gium
397 1631 668 1703 inflectat,
688 1631 930 1689 alterum
952 1638 1144 1707 autem
1173 1632 1473 1689 continuas
1502 1632 1896 1689 conversiones

215 1713 357 1769 duas
384 1712 590 1770 iisdem
623 1712 822 1789 spatiis
850 1711 1219 1789 cursibusque
1244 1710 1527 1782 conficiat,
1554 1733 1623 1770 ex
1655 1719 1897 1790 utraque

214 1812 274 1849 re
317 1798 375 1849 et
408 1792 610 1849 mundi
643 1791 982 1861 volubilitas,
1016 1811 1160 1868 quae
1201 1793 1312 1849 nisi
1344 1793 1403 1848 in
1439 1792 1678 1869 globosa
1709 1794 1898 1850 forma

215 1891 335 1929 esse
365 1891 482 1928 non
509 1878 720 1947 posset,
745 1878 804 1928 et
831 1871 1120 1929 stellarum
1148 1872 1382 1930 rotundi
1411 1872 1661 1930 ambitus
1689 1892 1898 1950 cogno-

216 1958 465 2009 scuntur.
551 1951 894 2027 Primusque
928 1951 1028 2022 sol,
1055 1952 1155 2028 qui
1188 1959 1470 2009 astrorum
1503 1959 1663 2010 tenet
1690 1954 1899 2030 princi-

215 2038 433 2108 patum,
454 2031 537 2087 ita
566 2037 841 2101 movetur,
862 2038 942 2101 ut,
963 2051 1094 2089 cum
1119 2039 1293 2089 terras
1314 2032 1469 2109 larga
1497 2032 1623 2090 luce
1652 2033 1899 2110 comple-

216 2112 376 2182 verit,
408 2111 636 2167 easdem
670 2111 846 2168 modo
880 2110 986 2182 his,
1016 2111 1193 2168 modo
1227 2112 1339 2168 illis
1373 2132 1442 2169 ex
1475 2112 1733 2189 partibus
1767 2133 1899 2189 opa-

215 2199 320 2248 cet.
407 2190 542 2268 Ipsa
586 2191 740 2247 enim
784 2191 986 2248 umbra
1019 2198 1200 2248 terrae
1234 2191 1340 2248 soli
1373 2191 1627 2250 officiens
1667 2201 1895 2251 noctem

215 2270 403 2328 efficit.
507 2270 563 2327 N
567 2279 934 2328 octurnorum
977 2279 1169 2328 autem
1213 2272 1528 2347 spatiorum
1571 2273 1766 2330 eadem
1813 2280 1898 2330 est

215 2350 586 2427 aequabilitas
629 2370 771 2427 quae
813 2350 1165 2421 diurnorum,
1197 2352 1564 2429 eiusdemque
1606 2353 1741 2410 solis
1774 2360 1897 2409 tum

215 2450 470 2488 accessus
512 2431 745 2500 modici,
776 2438 903 2487 tum
946 2450 1199 2488 recessus
1243 2438 1301 2488 et
1333 2432 1566 2508 frigoris
1600 2440 1658 2489 et
1700 2433 1899 2490 caloris

213 2511 455 2568 modum
497 2517 856 2586 temperant:
900 2510 1171 2568 circuitus
1213 2511 1367 2567 enim
1411 2512 1547 2568 solis
1589 2512 1812 2569 orbium
1858 2532 1897 2569 v

216 2598 274 2647 et
304 2611 379 2647 Lx
409 2599 468 2648 et
497 2610 627 2659 cce,
649 2597 850 2667 quarta
876 2591 996 2648 fere
1025 2590 1141 2648 diei
1168 2598 1332 2667 parte
1359 2591 1557 2649 addita
1584 2593 1899 2649 conversio-

215 2689 345 2727 nem
377 2670 690 2728 conficiunt
718 2688 983 2741 annuam,
1007 2669 1305 2728 inflectens
1338 2678 1530 2728 autem
1559 2671 1644 2729 sol
1672 2692 1898 2729 cursum

216 2757 340 2806 tum
371 2750 445 2806 ad
473 2757 690 2826 septem
723 2750 952 2820 trioneS,
978 2757 1104 2807 tum
1139 2751 1213 2808 ad
1239 2751 1537 2808 meridiem
1572 2758 1814 2809 aestates
1842 2760 1899 2809 et

215 2829 434 2886 hiemes
476 2829 664 2899 efficit,
697 2837 755 2886 et
788 2849 855 2886 ea
895 2830 1012 2887 duo
1053 2838 1332 2907 tempora,
1370 2850 1613 2907 quorum
1657 2832 1897 2890 alterum

216 2909 394 2966 hiemi
424 2910 738 2966 senescenti
760 2910 1096 2967 adiunctum
1127 2917 1227 2980 est,
1249 2910 1491 2968 alterum
1519 2912 1742 2970 aestati·
1810 2912 1899 2970 Ita

217 3009 285 3047 ex
321 2996 592 3066 quattuor
625 2996 951 3066 temporum
992 2990 1411 3048 mutationibus
1453 2992 1727 3064 omnium,
1754 3012 1898 3070 quae

215 3078 367 3127 terra
396 3070 654 3145 marique
688 3070 1021 3145 gignuntur,
1045 3071 1214 3128 initia
1246 3091 1559 3148 causaeque
1593 3074 1894 3131 ducuntur.

219 3157 310 3207 50.
350 3149 472 3207 Iam
517 3149 652 3206 solis
687 3170 906 3206 annuos
948 3171 1144 3208 cursus
1186 3152 1385 3226 spatiis
1426 3155 1732 3211 menstruis
1766 3155 1898 3212 luna
