2205 3431
591 136 729 185 LIB.
759 136 849 197 11.‚
877 133 1033 185 CAP.
1061 135 1423 196 XX.-XXII.,
1450 135 1479 194 ἓ
1507 136 1686 185 45-49.
1889 138 1987 184 213

306 243 371 294 tu
416 236 631 294 scilicet
672 237 855 293 mavis
898 236 1134 293 numine
1175 235 1412 293 deorum
1451 236 1513 292 id
1549 236 1770 293 factum
1813 255 1986 312 quam

304 336 440 373 casu
473 316 733 373 arbitrari
767 323 826 373 et
858 316 1203 392 redemptor,
1231 316 1330 392 qui
1363 314 1689 372 columnam
1722 315 1878 372 illam
1915 317 1987 374 dc

306 395 480 453 Cotta
507 402 566 452 et
594 395 666 453 de
694 395 986 472 Torquato
1016 395 1365 452 conduxerat
1393 395 1733 466 faciendam,
1756 415 1874 452 non
1903 396 1988 452 in-

307 476 449 533 ertia
481 482 581 532 aut
611 476 810 551 inopia
842 475 1058 532 tardior
1090 475 1222 546 fuit,
1249 475 1350 532 sed
1382 494 1416 531 a
1448 475 1538 531 dis
1566 474 1989 532 immortalibus

306 555 381 612 ad
412 556 583 612 istam
615 554 816 612 horam
859 561 1174 612 reservatus
1216 562 1316 611 est.
1402 560 1495 611 48.
1541 554 1675 611 Non
1719 555 1985 632 equidem

305 635 474 712 plane
508 634 746 712 despero
780 635 891 692 ista
921 654 1044 692 esse
1077 654 1223 706 vera,
1256 634 1355 691 sed
1387 635 1578 691 nescio
1614 642 1671 691 et
1705 634 1919 692 discere
1953 655 1986 691 a
2047 682 2050 683 ν

306 726 364 772 te
406 715 552 772 volo,
639 714 790 770 Nam
825 733 954 771 eum
989 714 1136 770 mihi
1171 713 1449 790 quaedam
1484 733 1617 770 casu
1659 715 1990 772 viderentur

307 795 387 850 sic
417 795 656 865 evenire,
682 801 748 850 nt
765 794 1056 871 praedicta
1083 801 1271 851 essent
1298 813 1332 850 a
1359 793 1763 864 divinantibus,
1790 795 1985 851 dixisti

305 873 488 931 multa
513 874 586 931 de
615 893 764 945 casu,
788 880 856 931 ut
877 873 1191 931 Venerium
1219 874 1330 930 iaci
1357 893 1524 950 posse
1553 893 1685 930 casu
1716 880 1990 950 quattuor

306 954 436 1010 talis
457 954 636 1024 iactiS‚
662 953 1095 1030 quadringentis
1124 959 1355 1010 centum
1379 952 1659 1010 Venerios
1678 973 1795 1010 non
1817 973 1988 1030 posse

307 1053 438 1090 casu
488 1033 809 1090 consistere.
894 1032 1155 1089 Primum
1200 1033 1392 1089 nescio
1438 1052 1538 1089 cur
1582 1053 1696 1090 non
1742 1035 1983 1109 possint,

308 1114 408 1170 sed
434 1133 550 1170 non
580 1130 811 1189 pugno:
856 1111 1112 1169 abundas
1141 1113 1293 1169 enim
1323 1112 1618 1170 similibus,
1703 1112 1900 1170 Habes
1929 1121 1988 1170 et

306 1194 717 1270 respersionem
761 1192 1189 1269 pigmentorum
1232 1198 1289 1249 et
1330 1200 1579 1249 rostrum
1623 1193 1738 1248 suis
1780 1200 1838 1250 et
1879 1192 1988 1249 alia

306 1272 604 1348 permulta.
690 1271 852 1328 Idem
887 1271 1239 1329 Carneadem
1273 1270 1489 1348 fingere
1522 1272 1665 1329 dicis
1700 1273 1770 1329 de
1800 1273 1988 1349 capite

307 1352 551 1409 Panisci.
639 1350 815 1419 Quasi
846 1371 963 1408 non
994 1352 1248 1428 potuerit
1276 1351 1337 1408 id
1365 1352 1587 1409 evenire
1622 1372 1754 1409 casu
1784 1359 1842 1408 et
1869 1372 1987 1408 non

306 1433 368 1489 in
398 1432 557 1488 omni
583 1450 865 1488 marmore
893 1450 1120 1488 necesse
1149 1432 1223 1488 sit
1251 1431 1433 1489 inesse
1461 1431 1550 1488 vel
1573 1431 1881 1488 Praxitelia
1902 1451 1990 1489 ca-

306 1512 431 1588 pita
450 1512 462 1569 1
538 1511 643 1567 Illa
664 1512 816 1567 enim
840 1511 963 1587 ipsa
984 1510 1307 1568 efficiuntur
1328 1511 1695 1581 detractione,
1712 1531 1816 1569 nec
1836 1512 1990 1588 quic-

309 1610 480 1667 quam
509 1591 642 1648 illuc
676 1591 931 1648 adfertur
964 1611 997 1648 a
1024 1591 1326 1661 Praxitele,
1352 1591 1451 1648 sed
1480 1611 1610 1648 cum
1639 1592 1822 1648 multa
1855 1599 1989 1648 sunt

309 1672 563 1729 detracta
603 1678 660 1728 et
701 1671 774 1728 ad
808 1672 1152 1729 lineamenta
1193 1670 1307 1728 oris
1349 1680 1685 1748 perventum
1728 1679 1828 1741 est,
1860 1678 1987 1729 tum

307 1752 605 1828 intellegas
632 1751 790 1820 illud,
818 1752 973 1828 quod
1001 1752 1113 1808 iam
1147 1750 1462 1828 expolitum
1493 1752 1583 1821 sit,
1610 1752 1763 1809 intus
1790 1752 1983 1809 fuisse.

309 1837 402 1889 49.
448 1832 651 1889 Potest
694 1832 869 1906 igitur
910 1832 1021 1888 tale
1063 1830 1284 1908 aliquid
1322 1831 1495 1888 etiam
1538 1852 1639 1888 sua
1680 1841 1884 1908 sponte
1926 1832 1985 1887 in

308 1911 632 1988 lapicidinis
672 1911 950 1967 Chiorum
984 1911 1282 1968 exstitisse.
1369 1911 1483 1968 Sed
1517 1912 1592 1968 sit
1625 1911 1735 1969 hoc
1768 1912 1985 1969 fictum.

309 1991 500 2060 Quid?
542 1992 602 2047 in
645 1989 893 2047 nubibus
941 2010 1257 2067 numquam
1306 1991 1758 2049 animadvertisti
1806 1992 1989 2049 leonis

308 2072 557 2128 formam
617 2077 717 2127 aut
771 2070 1247 2147 hippocentauri?
1327 2071 1532 2128 Potest
1585 2072 1779 2148 igitur,
1833 2071 1989 2148 quod

308 2152 485 2208 modo
513 2150 778 2227 negabaS,
802 2151 1100 2208 veritatem
1129 2170 1290 2207 casus
1316 2151 1546 2208 imitari.

390 2230 587 2288 XXII.
633 2230 749 2287 Sed
778 2230 1046 2307 quoniam
1082 2231 1154 2288 de
1189 2231 1334 2287 extis
1367 2237 1427 2287 et
1454 2231 1525 2287 de
1554 2230 1879 2307 fulguribus
1909 2250 1992 2287 sa-

308 2312 385 2369 tis
418 2318 504 2368 est
532 2311 906 2387 disputatum,
932 2317 1156 2367 ostenta
1183 2316 1414 2381 restant,
1437 2318 1501 2367 ut
1529 2318 1654 2368 tota
1681 2310 1991 2387 haruspici-

307 2410 384 2447 na
417 2392 492 2448 sit
523 2397 881 2467 pertractata.
967 2390 1156 2446 Mulae
1189 2397 1387 2466 partus
1420 2390 1677 2467 prolatus
1711 2397 1797 2447 est
1830 2410 1864 2447 a
1896 2399 1989 2448 te:

307 2491 397 2527 res
424 2470 715 2540 mirabiliS‚
736 2476 1038 2546 propterea
1067 2471 1201 2546 quia
1227 2489 1345 2527 non
1375 2490 1540 2547 saepe
1568 2471 1651 2540 fit,
1677 2471 1777 2527 sed
1799 2471 1846 2526 si
1868 2470 1990 2527 fieri

308 2569 426 2606 non
461 2550 757 2626 potuisset,
788 2550 944 2606 facta
986 2569 1105 2606 non
1154 2557 1315 2607 esset.
1400 2552 1596 2627 Atque
1638 2550 1749 2607 hoc
1792 2557 1992 2607 contra

309 2630 503 2698 omnia
530 2636 756 2687 ostenta
783 2630 982 2701 valeat,
1007 2648 1320 2706 numquam
1352 2630 1508 2707 quod
1536 2629 1657 2687 fieri
1684 2649 1801 2686 non
1823 2637 1991 2706 potu-

308 2710 417 2767 erit
457 2729 577 2766 esse
618 2710 871 2766 factum:
916 2710 1003 2766 sin
1038 2711 1308 2785 potuerit,
1340 2729 1455 2766 non
1491 2729 1610 2767 esse
1643 2710 1985 2767 mirandum.

309 2788 622 2846 Causarum
656 2790 810 2846 enim
839 2790 1124 2865 ignoratio
1155 2790 1213 2845 in
1243 2809 1303 2847 re
1330 2809 1479 2846 nova
1510 2790 1874 2846 mirationem
1907 2790 1989 2846 fa-

309 2869 402 2926 cit.
488 2869 701 2926 Eadem
747 2870 1035 2945 ignoratio
1078 2870 1127 2925 si
1167 2870 1227 2925 in
1261 2870 1429 2927 rebus
1470 2869 1695 2926 usitatis
1738 2876 1839 2941 est,
1869 2889 1989 2926 non

307 2950 596 3006 miramur.
683 2949 832 3006 Nam
859 2950 957 3025 qui
977 2948 1193 3005 mulam
1216 2949 1501 3026 peperisse
1523 2950 1776 3021 miratur,
1801 2950 1850 3006 is
1873 2969 1988 3027 quo

306 3029 485 3086 modo
528 3048 674 3106 equa
714 3030 899 3106 pariat
932 3037 1031 3086 aut
1069 3030 1305 3086 omnino
1350 3048 1493 3106 quae
1527 3036 1729 3087 natura
1760 3036 1987 3105 partum

308 3109 618 3166 animantis
640 3110 814 3166 faciat
838 3110 1078 3184 ignorat.
1159 3109 1273 3166 Sed
1296 3110 1451 3187 quod
1473 3109 1668 3167 crebro
1691 3110 1849 3167 videt
1870 3128 1987 3165 non

308 3190 566 3254 miratur,
591 3189 764 3246 etiam
794 3189 840 3245 si
871 3208 970 3245 cur
997 3188 1096 3245 fiat
1126 3190 1320 3247 nescit.
1408 3188 1576 3257 Quod
1606 3195 1737 3245 ante
1765 3208 1881 3245 non
1910 3188 1986 3245 vi*

2033 3277 2100 3333 s
