2205 3431
573 483 658 545 M.
707 485 997 546 TULLII
1047 484 1512 546 CICERONIS

342 651 509 730 DE
575 650 1126 730 NATURA
1183 649 1759 729 DEORUM

760 822 869 894 AD
910 822 989 895 M.
1028 821 1356 895 BRUTUM

563 986 890 1046 LIBER
945 985 1545 1048 SECUNDUS.

750 1218 1357 1268 ARGUMENTUM.

280 1318 378 1367 Hic
406 1318 527 1366 liber
553 1317 687 1365 brevi
714 1319 984 1380 praemisso
1011 1318 1265 1380 prooemio
1293 1318 1513 1367 continet
1541 1319 1688 1367 Balbi
1718 1320 1778 1369 de
1806 1336 1895 1370 na-

213 1393 326 1432 tura
359 1385 562 1432 deorum
597 1383 977 1446 disputationem
1014 1399 1079 1430 ex
1109 1395 1273 1432 mente
1302 1385 1595 1444 Stoicorum,
1619 1386 1704 1447 qni
1733 1394 1893 1435 totum

214 1450 376 1497 locum
405 1451 456 1497 in
489 1461 651 1512 partes
685 1458 916 1510 quattuor
949 1449 1250 1498 dividebant.
1322 1449 1547 1497 Primum
1582 1453 1714 1499 enim
1749 1452 1894 1499 doce-

215 1518 333 1563 bant
355 1529 461 1563 esse
483 1515 615 1573 deos,
637 1514 815 1562 deinde
839 1515 1009 1577 quales
1033 1524 1210 1575 essent,
1233 1524 1337 1562 tum
1363 1516 1603 1563 mundum
1628 1517 1691 1565 ab
1713 1518 1783 1564 eis
1807 1518 1894 1564 ad-

214 1581 496 1640 ministrari,
519 1589 766 1642 postremo
801 1580 1055 1627 consulere
1089 1594 1173 1627 eos
1202 1580 1342 1628 rebus
1365 1580 1608 1630 humanis.
1684 1583 1778 1629 His
1803 1582 1894 1641 igi-

213 1656 295 1693 tur
323 1655 555 1708 quattuor
583 1655 835 1707 tamquam
866 1645 1107 1706 capitibus
1135 1654 1242 1692 tota
1269 1646 1412 1693 Balbi
1440 1647 1710 1707 disputatio
1737 1649 1894 1694 conti-

213 1725 374 1762 netur.
448 1712 514 1760 Et
536 1712 696 1773 prima
722 1711 920 1774 quidem
951 1727 1062 1772 pars
1091 1727 1393 1774 quamquam
1429 1728 1490 1760 ne
1526 1728 1667 1772 egere
1694 1713 1894 1776 quidem

213 1779 437 1826 oratione
474 1778 627 1825 videri
661 1787 870 1839 poterat,
904 1786 1067 1824 tamen
1105 1778 1180 1824 his
1213 1779 1517 1837 argumentis
1551 1778 1887 1827 confirmatur.

216 1844 347 1891 Nam
376 1844 551 1905 primo,
575 1843 706 1904 quod
733 1842 951 1889 omnium
982 1842 1292 1890 consentiens
1320 1842 1384 1889 sit
1407 1843 1468 1890 de
1495 1843 1571 1890 dis
1600 1844 1781 1906 opinio,
1807 1860 1894 1892 na-

214 1918 328 1956 tura
351 1908 545 1956 evidens
570 1909 631 1955 sit
655 1921 852 1955 necesse
875 1922 994 1965 esse,
1017 1907 1196 1955 deinde
1218 1907 1335 1955 deos
1353 1909 1483 1970 ipsos
1507 1911 1785 1970 praesentia
1808 1925 1897 1958 sua

215 1984 265 2022 et
287 1974 500 2022 adventu
528 1987 640 2021 eam
668 1987 771 2019 rem
800 1973 1133 2032 confirmasse,
1159 1973 1515 2033 praedictiones
1540 1974 1659 2022 item
1685 1984 1735 2023 et
1758 1991 1894 2038 prae-

215 2041 466 2086 sensiones
494 2053 655 2085 iffleium
684 2038 961 2085 futurarum
990 2053 1096 2086 esse
1125 2039 1242 2085 deos
1270 2039 1497 2098 clamare,
1528 2041 1752 2090 omnium
1781 2057 1897 2090 v·eio

214 2105 437 2153 maxime
486 2105 662 2150 miram
706 2103 854 2150 totius
902 2103 1075 2150 mundi
1115 2104 1418 2162 satietatem,
1457 2105 1890 2172 pulchritudinem,

215 2170 441 2217 ordinem
486 2184 746 2231 letumque
791 2170 1013 2216 oninium
1053 2168 1117 2215 ad
1159 2169 1421 2217 utilitatem
1461 2173 1890 2234 conspirationem.

216 2235 349 2294 Quin
385 2251 450 2283 ex
484 2235 590 2295 ipsa
624 2234 879 2281 hominnm
913 2234 1112 2281 sollerti·
1100 2251 1130 2281 ·ι
1164 2235 1331 2295 colligi
1363 2251 1505 2297 posse
1537 2252 1643 2286 esse
1678 2238 1898 2314 aliquam

217 2308 434 2349 mentem
462 2300 693 2347 divinam.
768 2301 897 2346 Nam
928 2300 968 2346 si
996 2311 1174 2358 cetera,
1205 2316 1331 2362 quae
1358 2302 1408 2349 in
1437 2316 1640 2364 cotmpoie
1668 2305 1781 2363 sint,
1809 2304 1896 2350 ali·

217 2367 348 2413 unde
377 2376 649 2423 sumantur,
670 2365 800 2412 aliud
830 2380 859 2411 a
888 2374 1029 2424 terta,
1053 2338 1185 2413 aliud
1215 2367 1278 2413 ab
1304 2382 1488 2426 nmor,e
1510 2368 1646 2416 aliud
1674 2370 1736 2417 ab
1763 2384 1848 2416 ael
1850 2384 1892 2428 e,

216 2431 348 2478 aliud
374 2432 437 2478 ab
461 2430 581 2491 igni,
605 2431 845 2477 rationem
869 2431 1020 2478 etiam
1043 2431 1245 2480 aliunde
1270 2432 1538 2480 habeamus
1566 2449 1766 2483 necesse
1794 2449 1900 2482 esse

217 2508 282 2555 et,
306 2512 419 2544 cum
443 2507 606 2544 cetera
628 2496 795 2543 omnia
823 2496 1034 2543 muudus
1059 2498 1255 2557 habeat,
1283 2499 1416 2560 quod
1440 2499 1503 2546 sit
1527 2501 1748 2547 omnium
1773 2501 1899 2560 opti-

218 2578 370 2622 mum,
394 2563 445 2610 id
468 2563 627 2625 ipsum
655 2577 743 2608 cur
770 2576 867 2608 non
895 2561 1073 2610 habeat
1099 2563 1286 2611 nullam
1314 2579 1420 2612 esse
1448 2564 1704 2613 rationem.
1778 2567 1900 2614 Om-

219 2644 305 2676 nes
330 2643 473 2689 porro
501 2627 768 2676 concedere
795 2627 917 2674 nihil
944 2642 1040 2675 non
1072 2629 1220 2676 modo
1248 2643 1355 2676 esse
1385 2629 1571 2676 mundo
1600 2630 1791 2690 melius,
1813 2630 1900 2678 sed

220 2709 281 2740 ne
309 2694 517 2753 cogitari
539 2694 737 2756 quidem
761 2708 933 2755 posse:
973 2709 1074 2755 qna
1101 2709 1169 2754 re,
1193 2709 1308 2741 cum
1338 2695 1524 2742 ratione
1552 2695 1674 2742 nihil
1704 2696 1770 2742 sit
1798 2710 1902 2743 me-

219 2758 328 2816 lius,
350 2774 409 2806 ea
435 2774 627 2821 quoque
649 2760 700 2806 in
728 2760 914 2807 mundo
942 2759 1057 2806 insit
1081 2774 1276 2806 necesse
1303 2775 1422 2820 esse,
1444 2761 1526 2822 qui
1549 2761 1767 2821 profecto
1801 2775 1899 2808 non

220 2833 382 2886 posset
404 2823 474 2871 ita
496 2825 723 2871 omnibus
741 2825 961 2886 partibus
984 2824 1274 2883 consentire,
1296 2825 1389 2872 nisi
1409 2840 1505 2872 uno
1529 2826 1697 2874 divino
1718 2834 1767 2875 et
1785 2841 1902 2874 eon-

221 2890 410 2936 tiuuato
445 2890 619 2950 spiritu
653 2892 1001 2948 contineretur,
1027 2905 1133 2950 cap.
1159 2892 1271 2948 2-8,
1296 2889 1324 2947 ξ
1356 2893 1497 2939 1-22.
1573 2892 1668 2938 His
1701 2891 1902 2939 rationi-

222 2955 309 3001 bus
353 2954 665 3003 subiciuntur
709 2955 1154 3002 demonstrationes
1199 2955 1445 3017 physicae.
1534 2955 1710 3004 Prima
1753 2957 1901 3004 huius

220 3020 353 3066 modi
377 3029 477 3067 est:
544 3020 741 3078 Omnia,
766 3035 894 3081 quae
918 3019 1112 3066 alantur
1134 3029 1183 3067 et
1205 3031 1441 3080 crescant,
1465 3036 1524 3067 ea
1548 3023 1902 3083 temperatione

221 3085 398 3131 caloris
433 3084 545 3132 oriri
574 3094 624 3131 et
651 3085 837 3143 angeri,
867 3099 1139 3145 omnesque
1166 3094 1328 3144 partes
1363 3086 1536 3133 mundi
1563 3087 1724 3135 calore
1753 3088 1901 3135 fultas

222 3150 468 3208 sustineri,
493 3149 659 3210 itaque
687 3150 837 3196 etiam
864 3149 1108 3196 mundum
1136 3149 1281 3196 simili
1307 3151 1511 3212 parique
1538 3163 1717 3200 natura
1744 3168 1902 3200 serva-

224 3215 280 3262 ri.
356 3215 479 3261 Esse
518 3215 667 3274 igitur
704 3224 950 3273 naturam,
982 3229 1110 3275 quae
1147 3229 1343 3262 omnem
1381 3216 1620 3263 mnndum
1652 3218 1904 3267 contineat
