2205 3431
601 110 739 158 LlB.
767 110 864 171 IL,
887 110 1043 161 oAP.
1070 110 1476 181 ⁴1.v.-Lv11.,§
1506 113 1747 161 137-143.
1948 117 2014 163 97

333 209 669 287 interpretes
710 230 774 267 ac
818 212 1009 269 nuntii
1051 231 1238 269 rerum
1287 212 1348 268 in
1394 213 1578 289 capite
1610 220 1900 289 tamquam
1953 214 2013 269 in

334 308 459 348 arce
493 290 730 347 mirifice
763 291 837 347 ad
865 311 1000 347 usus
1033 293 1377 349 necessarios
1410 300 1468 348 et
1496 293 1637 348 facti
1666 301 1723 349 et
1752 291 2013 349 collocati

334 377 482 427 sunt.
568 369 720 426 Nam
751 370 900 427 oculi
929 378 1224 447 tamquam
1259 371 1639 447 speculatores
1673 371 2012 428 altissimum

332 450 522 507 locum
545 449 825 521 obtinent,
847 470 915 507 ex
939 469 1052 525 quo
1077 450 1322 526 plurima
1342 451 1756 527 conspicientes
1772 452 2016 526 fungan-

331 538 426 586 tur
454 549 557 586 suo
584 549 835 588 munere.
912 535 1041 586 141.
1074 530 1152 586 Et
1172 549 1351 600 aureS,
1372 549 1501 587 cum
1530 550 1732 586 sonum
1764 532 2016 607 percipe-

332 630 392 667 re
422 610 681 681 debeant,
704 610 801 687 qui
823 612 1025 666 natura
1049 610 1108 665 in
1140 609 1381 667 sublime
1403 611 1600 679 fertur,
1621 617 1772 667 recte
1795 611 1853 666 in
1884 611 2014 667 altis

334 710 634 767 corporum
671 690 928 767 partibus
971 689 1279 746 collocatae
1322 698 1470 746 sunt.
1556 688 1816 766 Itemque
1850 709 2014 747 nares

334 790 419 841 e0,
446 771 601 846 quod
637 771 824 827 omnis
858 770 1002 826 odor
1035 769 1109 826 ad
1143 788 1348 845 supera
1379 769 1579 838 fertur,
1604 776 1754 826 recte
1789 789 2012 826 sursum

334 859 467 906 sunt
501 859 574 920 et,
600 850 756 926 quod
789 850 903 906 cibi
932 856 990 907 et
1018 850 1273 926 potionis
1306 848 1584 905 iudicium
1618 867 1891 923 magnum
1926 869 2013 906 ea-

333 948 458 985 rum
490 938 591 998 est,
613 949 728 985 non
751 930 870 986 sine
893 949 1061 986 causa
1082 929 1435 986 vicinitatem
1466 929 1579 984 oris
1609 936 1831 985 secutae
1861 938 2009 986 sunt.

335 1008 456 1065 Iam
480 1016 756 1084 gustatUS,
780 1010 877 1085 qui
900 1010 1108 1066 sentire
1137 1028 1351 1080 eorum,
1375 1007 1582 1085 quibus
1606 1008 1899 1079 vescimur,
1920 1028 2013 1084 ge-

333 1108 468 1145 nera
496 1088 682 1159 debet,
706 1089 927 1146 habitat
955 1090 1013 1145 in
1044 1109 1111 1146 ea
1138 1097 1297 1165 parte
1328 1091 1457 1157 oriS‚
1484 1107 1597 1165 qua
1625 1086 1926 1145 esculentis
1954 1096 2013 1145 et

333 1168 648 1245 potulentis
674 1169 784 1226 iter
815 1177 1019 1226 natura
1045 1170 1333 1246 patefecit.
1418 1168 1629 1225 Tactus
1663 1175 1855 1225 autem
1884 1174 2013 1225 toto

334 1267 570 1325 corpore
598 1248 967 1325 aequabiliter
988 1250 1150 1306 fusus
1179 1256 1281 1319 est,
1300 1256 1366 1306 ut
1395 1268 1593 1305 omnes
1617 1249 1762 1305 ictus
1792 1267 2012 1304 omnes-

336 1347 444 1404 que
478 1328 748 1384 minimos
791 1335 849 1385 et
881 1328 1114 1404 frigoris
1156 1337 1213 1385 et
1246 1329 1447 1385 caloris
1488 1328 1762 1405 appulsus
1804 1328 2013 1384 sentire

334 1408 632 1483 possimus
716 1407 912 1484 Atque
940 1415 1007 1464 ut
1033 1408 1094 1464 in
1124 1408 1395 1465 aedificiis
1423 1408 1718 1465 architecti
1748 1415 2013 1464 avertunt

333 1487 405 1543 ab
434 1487 612 1544 oculis
642 1488 981 1563 naribusque
1005 1487 1371 1545 dominorum
1401 1508 1482 1559 ea,
1504 1508 1646 1564 quae
1668 1488 2014 1564 profluentia

332 1567 646 1623 necessario
687 1568 856 1625 taetri
898 1575 1084 1624 essent
1126 1568 1342 1644 aliquid
1382 1568 1661 1636 habitura,
1688 1568 1769 1624 sic
1810 1575 2015 1625 natura

333 1665 420 1702 res
443 1647 654 1703 similes
677 1647 872 1725 procul
897 1648 1222 1704 amandavit
1244 1667 1277 1703 a
1298 1647 1569 1704 sensibus,
1642 1646 1827 1705 LVII.
1876 1653 2006 1705 142.

333 1726 475 1795 Quis
509 1747 640 1784 vero
684 1728 879 1804 opifex
922 1736 1145 1804 praeter
1186 1736 1462 1800 naturam,
1489 1748 1600 1805 qua
1641 1728 1783 1784 nihil
1819 1735 2012 1805 potest

333 1826 453 1864 esse
481 1806 754 1878 callidius,
775 1815 994 1865 tantam
1024 1808 1332 1865 sollertiam
1360 1809 1623 1886 persequi
1645 1809 1928 1884 potuisset
1950 1809 2010 1865 in

333 1887 626 1944 sensibus?
669 1907 811 1964 quae
846 1888 1094 1964 primum
1140 1887 1333 1945 oculos
1371 1889 1718 1945 membranis
1752 1889 2013 1945 tenuissi-

332 1967 443 2023 mis
478 1967 704 2024 vestivit
738 1974 795 2024 et
831 1968 1073 2043 saepsit:
1121 1987 1259 2044 quas
1292 1968 1543 2044 primum
1578 1968 1897 2044 perlucidas
1931 1969 2012 2025 fe-

331 2046 427 2117 cit,
453 2053 517 2103 ut
545 2065 647 2122 per
675 2066 768 2103 eas
797 2048 949 2103 cerni
979 2057 1189 2124 posset,
1212 2047 1403 2104 firmas
1432 2056 1641 2117 autem,
1666 2055 1732 2104 ut
1761 2049 2013 2105 contine-

330 2133 541 2182 rentur.
626 2126 738 2183 Sed
774 2127 1020 2184 lubricos
1062 2127 1257 2184 oculos
1289 2128 1431 2184 fecit
1465 2137 1523 2184 et
1563 2128 1821 2199 mobiles),
1846 2135 1912 2185 ut
1954 2136 2012 2185 et

331 2205 695 2272 declinarent,
722 2206 768 2263 si
799 2207 938 2283 quid
966 2214 1211 2276 noceret,
1238 2213 1295 2263 et
1329 2215 1624 2283 aspectum
1660 2227 1773 2284 quo
1803 2208 2014 2265 vellent

329 2285 498 2341 facile
527 2293 932 2357 converterent,
954 2287 1214 2363 aciesque
1244 2287 1382 2363 ipsa,
1406 2306 1518 2363 qua
1546 2289 1844 2357 cernimuS,
1868 2307 2012 2364 quae

330 2364 547 2441 pupula
575 2373 821 2435 vocatur,
844 2366 924 2422 ita
950 2385 1126 2442 parva
1155 2373 1255 2436 est,
1277 2373 1343 2422 ut
1373 2387 1453 2437 ea,
1482 2387 1624 2443 quae
1653 2386 1856 2424 nocere
1885 2387 2013 2443 pos-

331 2444 463 2513 sint,
495 2444 661 2501 facile
708 2446 860 2515 vitet,
893 2445 1325 2522 palpebraeque,
1359 2466 1503 2523 quae
1545 2454 1678 2503 sunt
1719 2454 2014 2522 tegmenta

331 2523 644 2594 oculorum,
669 2524 1034 2581 mollissimae
1068 2531 1243 2595 tactu,
1269 2545 1340 2582 ne
1374 2526 1662 2583 laederent
1696 2527 1892 2595 aciem,
1918 2546 2013 2603 ap-

329 2603 550 2660 tissime
578 2604 763 2661 factae
797 2611 854 2660 et
887 2604 961 2661 ad
990 2604 1334 2661 claudendas
1368 2605 1630 2682 pupillaS,
1656 2625 1727 2662 ne
1764 2607 1900 2682 quid
1932 2608 2013 2663 in-

330 2682 559 2752 cideret,
585 2692 642 2739 et
683 2683 755 2739 ad
797 2683 1148 2759 aperiendas,
1174 2685 1346 2760 idque
1389 2686 1659 2760 providit,
1704 2694 1768 2743 ut
1811 2687 2014 2743 identi-

331 2762 463 2818 dem
496 2762 617 2819 fieri
653 2771 845 2839 posset
879 2782 1010 2819 cum
1046 2764 1298 2820 maxima
1331 2765 1633 2821 celeritate.
1723 2771 1853 2823 143.
1892 2767 2013 2822 Mu-

328 2842 594 2918 nitaeque
623 2849 755 2899 sunt
784 2841 1085 2919 palpebrae
1113 2851 1408 2920 tamquam
1432 2845 1579 2901 vallo
1608 2845 1872 2921 pilorum,
1894 2848 2013 2923 qui-

328 2919 436 2977 bus
465 2929 521 2978 et
543 2922 753 3000 apertis
783 2923 978 2993 oculiS,
1001 2924 1048 2979 si
1079 2924 1220 3000 quid
1242 2924 1534 2995 incideret,
1555 2925 1932 3000 repelleretur,
1955 2933 2013 2982 et

330 3020 532 3057 somno
573 3003 986 3074 coniventibuS,
1017 3022 1146 3059 cum
1185 3004 1363 3060 oculis
1403 3004 1476 3060 ad
1510 3004 1856 3061 cernendum
1894 3025 2011 3061 non

329 3099 638 3155 egeremuS,
662 3089 726 3138 ut
756 3082 853 3157 qui
875 3089 1172 3158 tamquam
1203 3083 1446 3140 involuti
1471 3084 1839 3159 quiescerent.
1911 3083 2013 3140 La-

328 3166 454 3216 tent
472 3169 761 3236 praeterea
783 3161 1000 3219 utiliter
1021 3170 1080 3219 et
1099 3162 1332 3219 excelsis
1351 3183 1424 3219 un
1432 3164 1603 3238 dique
1622 3162 1879 3238 partibus
1898 3183 2012 3218 sae-

2007 3244 2094 3302 1
