2205 3431
269 103 366 150 212
791 102 890 150 DE
924 102 1426 153 DIVINATIONE.

491 201 625 248 Nam
650 211 789 262 pater
811 200 1077 249 altitonans
1101 201 1318 250 stellanti
1341 202 1492 250 nixus
1516 203 1731 266 Olympo

485 267 597 327 Ipse
620 280 736 313 suos
759 267 1010 327 quondam
1034 267 1250 314 tumulos
1272 282 1332 315 ac
1355 268 1539 331 templa
1560 269 1735 331 petivit

487 331 556 379 Et
579 331 870 393 Capitolinis
890 331 1058 380 iniecit
1079 332 1275 381 sedibus
1298 334 1449 393 ignes.

265 434 416 493 Tum
445 442 632 494 statua
659 436 884 507 Nattae,
910 444 1036 494 tum
1067 438 1367 495 simulacra
1388 438 1626 495 deorum
1648 438 1957 499 Romulus-

267 535 377 592 que
406 523 465 573 et
491 516 706 574 Remus
736 536 867 573 cum
896 516 1090 574 altrice
1119 517 1287 574 belua
1314 518 1373 574 vi
1400 519 1661 575 fulminis
1688 520 1791 577 icti
1819 540 1957 578 con-

265 595 542 667 ciderunt,
568 597 753 673 deque
782 596 872 653 his
899 597 1069 654 rebus
1097 597 1463 674 haruspicum
1500 599 1842 657 exstiterunt
1870 620 1957 658 re-

265 695 476 753 sponsa
516 677 823 733 verissima.
909 681 1002 733 46.
1057 676 1318 734 Mirabile
1360 686 1553 735 autem
1594 678 1753 750 illud,
1792 681 1956 757 quod

264 775 334 813 eo
361 756 489 833 ipso
517 762 793 832 tempore,
820 776 934 833 quo
962 755 1126 814 fieret
1145 757 1425 814 indicium
1454 759 1866 816 coniurationis
1888 761 1954 817 in

265 843 481 906 senatu,
508 836 735 911 signum
765 835 920 893 Iovis
941 836 1175 894 biennio
1204 844 1339 913 post
1361 857 1534 914 quam
1555 845 1675 896 erat
1696 838 1953 896 locatum

262 916 324 973 in
366 914 655 991 Capitolio
697 916 1096 974 collocabatur.
1186 916 1330 973 “Tu
1362 918 1539 993 igitur
1576 919 1830 975 animum
1867 920 1956 975 in-

263 995 598 1053 duces—sic
654 996 807 1053 enim
849 1016 1077 1053 mecum
1119 995 1637 1074 agebas—causam
1679 999 1848 1055 istam
1892 1008 1956 1056 et

263 1083 462 1133 contra
494 1075 650 1132 facta
676 1083 776 1133 tua
803 1084 861 1134 et
891 1083 1090 1133 contra
1118 1077 1328 1153 scripta
1357 1076 1665 1135 defendere
1682 1077 1738 1135 ‘3⁹'
1821 1079 1869 1135 F
1870 1098 1955 1136 ra-

261 1163 349 1213 ter
377 1174 469 1213 es:
513 1175 582 1212 eo
615 1175 825 1213 vereor.
912 1157 1133 1214 Verum
1163 1156 1304 1234 quid
1330 1156 1438 1214 tibi
1467 1156 1560 1214 hic
1587 1158 1823 1214 tandem
1852 1178 1958 1215 no-

263 1238 390 1294 cet?
430 1255 607 1306 resne,
635 1255 778 1313 quae
806 1236 938 1293 talis
966 1243 1069 1307 est,
1096 1256 1169 1293 an
1199 1256 1324 1312 eg0,
1351 1237 1450 1314 qui
1477 1256 1674 1294 verum
1707 1237 1955 1314 explica-

262 1318 311 1374 ri
345 1316 514 1374 volo?
595 1315 797 1393 Itaque
826 1316 970 1373 nihil
1000 1325 1202 1373 contra
1233 1317 1381 1386 dico,
1407 1336 1442 1373 a
1468 1323 1526 1373 te
1554 1317 1838 1375 rationem
1866 1325 1957 1375 to-

262 1398 378 1455 tius
406 1397 801 1474 haruspicinae
820 1404 972 1472 peto,
1043 1396 1160 1453 Sed
1186 1403 1245 1453 te
1265 1396 1565 1454 mirificam
1586 1397 1647 1453 in
1669 1396 1950 1454 latebram

264 1477 574 1535 coniecisti.
658 1476 830 1545 Quod
859 1476 1012 1533 enim
1041 1475 1402 1552 intellegeres
1429 1476 1555 1533 fore
1583 1483 1651 1533 ut
1672 1496 1957 1552 premere-

263 1576 340 1628 re,
365 1577 496 1615 cum
531 1577 600 1614 ex
628 1563 686 1613 te
720 1576 916 1613 causas
941 1555 1114 1612 unius
1147 1556 1420 1632 cuiusque
1454 1557 1826 1613 divinationis
1859 1577 1957 1614 ex-

265 1638 563 1715 quirerem,
587 1637 771 1694 multa
802 1635 973 1693 verba
1004 1636 1198 1692 fecisti
1225 1643 1301 1706 te,
1326 1655 1455 1693 cum
1484 1655 1574 1693 res
1605 1636 1845 1707 videreS,
1869 1657 1958 1694 ra-

263 1719 484 1776 tionem
514 1737 855 1794 causamque
883 1736 1000 1773 non
1030 1735 1313 1793 quaerere,
1340 1717 1481 1792 quid
1501 1715 1678 1787 fieret,
1702 1737 1820 1774 non
1850 1737 1957 1774 cur

264 1798 441 1868 fieret,
466 1797 539 1854 ad
571 1804 690 1854 rem
726 1798 1026 1873 pertinere.
1112 1795 1289 1864 Quasi
1324 1816 1431 1873 ego
1466 1803 1565 1853 aut
1597 1796 1719 1853 fieri
1754 1816 1957 1855 conce-

265 1878 459 1935 derem
488 1883 587 1934 aut
615 1884 762 1933 esset
783 1876 1116 1953 philosophi
1137 1896 1364 1933 causam
1393 1896 1493 1933 cur
1515 1876 1767 1953 quidque
1789 1876 1956 1934 fieret

264 1977 381 2014 non
413 1975 693 2033 quaerere.
781 1956 873 2014 47.
917 1956 996 2013 Et
1023 1975 1092 2013 eo
1124 1956 1357 2033 quidem
1385 1955 1514 2013 loco
1543 1963 1602 2013 et
1628 1958 1959 2033 prognosti-

265 2056 332 2094 ca
357 2043 553 2094 nostra
580 2035 992 2112 pronuntiabas
1021 2042 1079 2093 et
1099 2055 1310 2111 genera
1329 2035 1650 2106 herbarum,
1676 2055 1958 2093 scammo-

266 2137 434 2175 neam
468 2115 1004 2193 aristolochiamque
1037 2115 1305 2186 radicem,
1332 2135 1570 2192 quarum
1605 2135 1833 2172 causam
1868 2117 1958 2192 ig-

265 2217 511 2268 norareS,
547 2197 666 2253 vim
707 2203 767 2253 et
809 2196 1078 2253 effectum
1122 2196 1357 2253 videres.
1442 2194 1611 2253 XXI.
1655 2194 1959 2253 Dissimile

265 2285 472 2335 totum.
558 2276 709 2333 Nam
760 2283 819 2333 et
866 2276 1368 2352 prognosticorum
1423 2294 1619 2332 causas
1667 2277 1956 2351 persecuti

267 2365 402 2415 sunt
434 2363 492 2414 et
519 2355 785 2413 Boethus
827 2355 1071 2426 StoicuS,
1105 2355 1205 2432 qui
1238 2362 1324 2412 est
1357 2375 1392 2412 a
1422 2361 1481 2412 te
1513 2356 1863 2426 nominatus,
1896 2364 1960 2413 et

265 2444 462 2495 noster
488 2437 662 2494 etiam
685 2435 1049 2506 PosidoniUS,
1074 2443 1134 2491 et
1163 2436 1210 2491 si
1238 2454 1437 2492 causae
1459 2454 1577 2492 non
1599 2435 1960 2511 reperiantur

266 2519 505 2575 istarum
539 2536 744 2587 rerum,
765 2535 853 2573 res
881 2524 1074 2572 tamen
1104 2515 1259 2591 ipsae
1289 2515 1574 2572 observari
1603 2515 1954 2572 animadver—

266 2598 427 2676 tique
460 2603 716 2674 possunt.
803 2595 1014 2652 Nattae
1055 2613 1190 2651 vero
1224 2601 1421 2652 'statua
1462 2601 1561 2651 aut
1598 2614 1727 2652 aera
1759 2594 1956 2670 legum

268 2678 340 2735 de
369 2678 524 2735 caelo
552 2683 706 2733 tacta
735 2675 874 2752 quid
896 2673 1112 2731 habent
1139 2674 1503 2732 observatum
1531 2694 1596 2731 ac
1623 2677 1960 2731 vetustum?

267 2758 486 2815 Pinarii
509 2755 719 2813 Nattae
740 2754 960 2812 nobiles
981 2773 994 2812 ε
1039 2774 1074 2811 a
1094 2754 1397 2812 nobilitate
1418 2755 1597 2831 igitur
1617 2753 1955 2831 periculum.

268 2837 401 2893 Hoc
441 2844 562 2892 tam
597 2836 799 2893 callide
833 2835 1096 2911 Iuppiter
1138 2834 1447 2911 cogitavit!
1532 2833 1813 2891 Romulus
1847 2834 1960 2891 lac-

266 2924 396 2973 tens
423 2915 666 2971 fulmine
694 2916 875 2971 ictus:
919 2914 1046 2971 urbi
1069 2914 1247 2988 igitur
1268 2913 1584 2991 periculum
1615 2913 1955 2984 ostenditur,

270 2995 324 3051 ei
370 3011 540 3069 quam
576 2993 670 3048 ille
715 2993 991 3049 condidit.
1076 2993 1264 3060 Quam
1310 2994 1450 3051 scite
1493 3012 1597 3069 per
1637 3001 1805 3050 notas
1848 3013 1958 3050 nos

270 3071 537 3128 certiores
564 3070 706 3126 facit
728 3070 1020 3146 Iuppiter!
1095 3073 1181 3127 At
1210 3072 1413 3129 eodem
1434 3080 1695 3148 tempore
1724 3074 1958 3149 signum

271 3150 426 3206 Iovis
467 3147 863 3224 collocabatur,
897 3168 1011 3219 quo
1053 3150 1374 3208 coniuratio
1416 3151 1794 3209 indicabatur.
1881 3153 1958 3209 Et
