2205 3431
446 146 584 196 LIB.
613 146 736 206 111„
767 144 925 195 CAP.
953 145 1527 210 XXXVI.—XXX1X.,
1556 148 1584 209 ἓ
1614 153 1791 200 87-92.
1877 153 1967 199 139

282 248 411 304 tiae.
483 246 668 315 Quem
685 265 788 302 vos
808 244 1091 322 praeclare
1120 247 1447 319 defenditis,
1468 269 1597 306 cum
1622 252 1813 309 dicitis
1841 271 1966 308 eam

282 329 399 384 vim
430 327 669 384 deorum
698 346 836 397 esse,
856 334 937 397 ut,
959 326 1135 383 etiam
1164 328 1213 384 si
1242 330 1369 404 quis
1401 337 1585 386 morte
1613 349 1827 405 poenas
1855 350 1969 387 sce-

281 407 412 464 leris
445 406 731 483 effugerit,
756 413 1097 481 expetantur
1131 426 1227 464 eac
1261 428 1478 484 poenae
1512 428 1546 465 a
1577 408 1784 479 liberis,
1809 430 1843 466 a
1874 429 1968 466 ne-

280 487 532 563 potibuS,
559 506 593 543 a
626 487 886 563 posteris,
972 487 1024 543 Ο
1066 486 1271 542 miram
1313 489 1657 563 aequitatem
1693 488 1964 546 deorum!

281 568 546 624 Ferretne
575 566 776 623 civitas
806 564 919 621 ulla
945 563 1186 622 latorem
1208 565 1373 622 istius
1393 567 1553 622 modi
1571 565 1728 641 legiS,
1751 574 1815 622 ut
1836 586 1967 623 con-

279 646 645 704 demnaretur
661 645 812 702 filius
834 652 933 702 aut
954 664 1151 721 33908,
1172 645 1219 702 si
1241 652 1403 722 pater
1423 652 1522 703 aut
1543 665 1681 702 avus
1702 646 1967 723 deliquis-

281 728 405 783 set?

409 857 629 918 Quinam
651 856 1029 905 Tantalidarum
1052 855 1366 905 internicioni
1389 856 1564 903 modus

407 923 654 971 Paretur?
689 929 775 969 aut
799 936 1041 984 quaenam
1066 936 1304 984 umquam
1328 921 1390 967 ob
1415 932 1624 969 mortem
1647 921 1835 984 Myrtili

410 988 593 1036 Poenis
616 987 808 1034 luendis
832 986 1031 1034 dabitur
1053 987 1203 1034 satias
1227 986 1474 1049 supplici?

279 1127 373 1179 91.
405 1121 621 1180 Utrum
649 1127 857 1197 poetae
882 1120 1110 1178 Stoicos
1139 1120 1503 1197 depravarint
1531 1141 1603 1178 an
1626 1121 1806 1179 Stoici
1826 1130 1965 1199 poe-

276 1203 353 1258 tis
387 1201 648 1258 dederint
681 1201 1083 1257 auctoritatem
1119 1220 1235 1257 non
1271 1201 1439 1258 facile
1482 1202 1740 1260 dixerim.
1826 1203 1963 1260 Por-

275 1288 436 1339 tenta
468 1282 623 1338 enim
657 1280 728 1337 ab
756 1281 1012 1357 utrisque
1048 1289 1107 1337 et
1135 1280 1354 1356 flagitia
1388 1281 1672 1339 dicuntur.
1758 1282 1961 1360 Neque

275 1362 447 1430 enim,
471 1380 635 1437 quem
669 1361 1056 1438 Hipponactis
1085 1361 1309 1418 iambus
1331 1361 1567 1419 laeserat
1595 1369 1694 1418 aut
1717 1363 1815 1438 qui
1844 1371 1962 1420 erat

274 1440 612 1498 Archilochi
645 1459 810 1497 versu
844 1440 1186 1511 vulneratuS,
1212 1461 1246 1498 a
1288 1441 1397 1498 dco
1440 1441 1763 1498 immissum
1806 1441 1963 1498 dolo-

274 1540 412 1590 rem,
437 1540 552 1576 non
596 1527 937 1596 conceptum
974 1540 1008 1577 a
1049 1541 1108 1577 se
1142 1521 1269 1597 ipso
1309 1520 1657 1590 continebat,
1682 1540 1803 1592 nec,
1829 1541 1960 1578 cum

273 1600 543 1676 Aegisthi
576 1599 876 1657 libidinem
917 1608 1016 1657 aut
1049 1620 1192 1657 cum·
1217 1600 1442 1658 Paridis
1476 1601 1751 1672 videmuS,
1776 1622 1811 1658 a
1850 1602 1959 1659 deo

273 1699 501 1738 causam
536 1679 892 1756 requirimuS,
925 1700 1054 1738 cum
1091 1679 1290 1758 culpae
1323 1700 1503 1758 paene
1539 1700 1737 1738 vocem
1770 1682 1961 1739 audia-

272 1781 419 1831 muS,
449 1779 553 1817 nec
595 1779 704 1837 ego
746 1760 1059 1817 multorum
1099 1781 1399 1837 aegrorum
1444 1761 1686 1819 salutem
1728 1781 1844 1818 non
1887 1762 1959 1819 ab

274 1842 633 1918 Hippocrate
666 1843 860 1918 potius
895 1861 1066 1917 quam
1096 1841 1168 1897 ab
1202 1840 1548 1918 Aesculapio
1585 1841 1779 1898 datam
1814 1842 1961 1899 iudi-

272 1941 359 1992 30,
376 1940 479 1978 333
497 1921 1076 1979 Lacedaemoniorum
1097 1920 1459 1997 disciplinam
1478 1922 1665 1978 dicam
1685 1941 1957 1999 umquam

272 2001 345 2057 ab
372 2001 647 2078 Apolline
675 2003 871 2078 potius
905 2001 1142 2077 Spartae
1179 2020 1346 2077 quam
1384 2022 1418 2058 a
1445 2001 1710 2077 Lycurgo
1745 2002 1954 2059 datam.

272 2080 574 2150 CritolauS,
610 2082 864 2157 inquam,
900 2082 1104 2138 evertit
1147 2081 1510 2151 Corinthum,
1541 2081 1956 2157 Karthaginem

272 2160 614 2217 Hasdrubal.
685 2161 767 2218 Hi
796 2161 912 2217 duo
935 2160 1062 2217 illos
1091 2160 1287 2217 oculos
1316 2180 1446 2217 orae
1473 2161 1793 2218 maritimae
1822 2163 1960 2218 effo-

271 2241 496 2309 derunt,
520 2259 638 2296 non
674 2241 851 2297 iratus
885 2240 1079 2317 aliqui,
1107 2259 1278 2317 quem
1321 2240 1558 2297 omnino
1594 2241 1757 2297 irasci
1791 2260 1958 2317 posse

270 2321 510 2395 negatiS,
536 2320 691 2378 deus,
779 2326 871 2378 92.
902 2320 987 2378 At
1015 2319 1314 2377 subvenire
1343 2328 1493 2377 certe
1522 2320 1714 2395 potuit
1742 2328 1800 2377 et
1828 2340 1959 2377 con-

271 2419 490 2457 servare
518 2399 687 2457 urbes
708 2406 895 2457 tantas
917 2407 1087 2477 atque
1110 2399 1265 2457 taleS.
1339 2399 1627 2457 XXXIX.
1650 2400 1775 2457 Vos
1804 2401 1957 2457 enim

270 2480 385 2556 ipsi
419 2480 605 2536 dicere
647 2478 841 2537 soletis
882 2480 1023 2536 nihil
1061 2500 1181 2537 esse
1225 2480 1380 2556 quod
1415 2480 1555 2536 deus
1588 2478 1806 2537 efficere
1839 2499 1955 2537 non

271 2559 472 2636 possit,
504 2567 563 2616 et
605 2560 837 2635 quidem
881 2560 1002 2616 sine
1045 2559 1236 2616 labore
1281 2558 1429 2616 ullo:
1475 2566 1539 2615 ut
1580 2559 1733 2615 enim
1776 2559 1959 2616 homi-

271 2658 412 2695 num
440 2639 698 2696 membra
724 2638 879 2696 nulla
906 2640 1276 2696 contentione
1304 2646 1496 2696 mente
1525 2639 1649 2714 ipsa
1676 2658 1740 2695 ac
1762 2639 1958 2695 volun-

272 2725 391 2775 tate
417 2725 771 2789 moveantur,
797 2719 877 2775 sic
903 2720 1142 2776 numine
1170 2720 1408 2776 deorum
1439 2718 1633 2775 omnia
1659 2718 1817 2793 fingi,
1839 2738 1957 2775 mo-

271 2798 391 2855 veri
417 2799 741 2875 mutarique
769 2818 952 2875 posse.
1021 2799 1225 2875 Neque
1255 2799 1317 2855 id
1345 2798 1536 2855 dicitis
1565 2799 1956 2874 superstitiose

271 2887 442 2955 atque
472 2878 711 2949 aniliter,
734 2878 832 2935 sed
855 2878 1095 2955 physica
1122 2879 1519 2954 constantique
1549 2879 1798 2936 ratione:
1841 2898 1958 2934 ma-

271 2959 474 3015 teriam
505 2958 658 3015 enim
687 2978 891 3027 rerum,
918 2978 984 3015 ex
1022 2978 1134 3034 qua
1162 2965 1219 3014 et
1253 2959 1311 3014 in
1349 2977 1458 3034 qua
1494 2959 1686 3014 omnia
1716 2959 1846 3026 sint,
1872 2968 1956 3014 to-

270 3046 392 3095 tam
443 3057 563 3095 esse
611 3037 918 3095 flexibilem
969 3045 1027 3095 et
1074 3037 1559 3108 commutabilem,
1590 3045 1654 3093 ut
1697 3036 1838 3094 nihil
1882 3038 1954 3093 sit

274 3117 429 3194 quod
472 3137 590 3174 non
632 3137 700 3174 ex
743 3137 809 3174 ca
857 3118 1116 3193 quamvis
1165 3117 1355 3173 subito
1398 3116 1540 3192 fingi
1588 3117 1954 3191 convertique

272 3198 473 3276 possit,
499 3199 620 3255 eius
661 3204 852 3254 autem
896 3198 1189 3254 universae
1223 3195 1495 3253 fictricem
1534 3202 1592 3251 et
1624 3195 1952 3251 moderatri-

2033 3290 2124 3358 Ι
