2205 3431
271 144 336 191 88
518 193 523 194 ⁷
714 139 814 188 DE
846 138 1149 189 NATURA
1181 139 1504 188 DEORUM.

272 242 434 319 quasi
463 240 713 318 quodam
735 239 963 297 vinculo
992 240 1345 307 circumdato
1380 239 1754 315 colligantur:
1797 240 1952 316 quod

270 322 413 379 facit
454 341 520 379 ea
562 328 780 392 natura,
819 339 962 397 quae
1003 339 1107 396 per
1155 339 1385 376 omnem
1432 320 1714 376 mundum
1760 321 1954 376 omnia

270 408 462 459 mente
505 407 564 458 et
595 401 815 457 ratione
857 398 1164 457 conficiens
1196 399 1463 456 funditur
1497 407 1554 456 et
1587 399 1661 455 ad
1694 399 1952 456 medium

270 481 422 558 rapit
455 487 514 538 et
547 479 829 537 convertit
861 487 1129 536 extrema.
1219 484 1349 536 116.
1387 478 1667 547 Quocirca
1709 479 1758 535 si
1791 497 1956 535 mun-

271 562 378 618 dus
405 559 679 637 globosus
707 567 793 616 est
822 558 897 615 ob
926 577 1165 635 eamque
1194 578 1422 615 causam
1454 577 1653 615 omnes
1681 559 1803 615 eius
1831 578 1955 635 par-

271 649 358 698 tes
399 640 653 717 undique
695 637 1018 715 aequabiles
1054 639 1212 714 ipsae
1246 657 1349 714 per
1389 657 1449 695 se
1490 645 1662 714 atque
1704 638 1853 695 inter
1894 657 1955 695 se

271 720 654 789 continentur,
692 719 1023 793 contingere
1064 718 1216 774 idem
1258 725 1440 775 terrae
1483 737 1708 775 necesse
1750 725 1851 788 est,
1890 725 1956 774 ut

273 798 541 857 omnibus
582 800 704 856 eius
743 798 1002 875 partibus
1041 798 1104 853 in
1145 798 1402 854 medium
1446 797 1954 873 vergentibus—id

271 887 463 937 autem
497 879 752 936 medium
782 876 1044 934 infimum
1073 878 1134 933 in
1170 877 1410 953 sphaera
1442 877 1755 934 est—nihil
1783 877 1955 933 inter-

271 966 502 1036 rumpat
530 978 645 1035 quo
679 957 1008 1014 labefactari
1037 958 1224 1033 possit
1250 964 1411 1014 tanta
1444 957 1739 1013 contentio
1773 957 1962 1033 gravi-·

272 1040 408 1097 tatis
449 1046 508 1096 et
547 1037 884 1115 ponderum.
978 1036 1310 1113 Eademque
1351 1037 1574 1094 ratione
1613 1056 1784 1107 mare,
1822 1056 1953 1093 cum

273 1138 446 1197 supra
476 1125 684 1176 terram
720 1117 811 1187 sit,
836 1116 1088 1173 medium
1125 1124 1319 1173 tamen
1350 1123 1531 1173 terrae
1564 1117 1754 1173 locum
1791 1135 1959 1193 expe-

273 1207 401 1256 tens
434 1197 811 1275 conglobatur
841 1196 1096 1273 undique
1132 1195 1503 1273 aequabiliter
1533 1215 1719 1273 neque
1752 1196 1959 1253 redun-

273 1280 373 1337 dat
414 1298 686 1355 umquam
730 1296 915 1354 neque
958 1276 1288 1333 effunditur.
1390 1277 1521 1334 117.
1566 1275 1722 1333 Huic
1763 1283 1955 1333 autem

273 1360 573 1416 continens
600 1365 700 1415 aer
719 1357 904 1414 fertur
924 1356 1017 1414 ille
1047 1357 1279 1433 quidem
1305 1356 1534 1413 levitate
1562 1356 1837 1426 sublimiS‚
1855 1356 1958 1413 sed

273 1448 466 1496 tamen
488 1439 548 1495 in
572 1457 770 1495 omnes
791 1444 983 1513 partes
1011 1456 1070 1493 se
1091 1437 1215 1514 ipse
1236 1436 1465 1493 fundit:
1510 1437 1704 1513 itaque
1732 1444 1791 1493 et
1813 1436 1959 1494 mari

274 1520 642 1576 continuatus
670 1524 729 1575 ct
749 1518 979 1574 iunctus
1006 1524 1093 1573 est
1115 1524 1174 1573 et
1197 1523 1399 1573 natura
1418 1517 1602 1573 fertur
1622 1516 1702 1572 ad·
1717 1515 1956 1587 caelum,

275 1600 437 1657 cuius
469 1599 750 1656 tenuitate
784 1604 843 1654 et
871 1596 1055 1654 calore
1083 1603 1436 1673 temperatus
1464 1595 1695 1654 vitalem
1730 1603 1788 1653 et
1816 1596 1961 1658 salu-

275 1688 456 1738 tarem
499 1678 764 1757 spiritum
807 1675 1042 1755 praebet
1083 1676 1485 1734 animantibus
1579 1675 1765 1745 Quem
1807 1671 1984 1734 com-⁴

274 1761 443 1838 plexa
463 1778 687 1817 summa
708 1777 838 1835 pars
859 1757 1016 1828 caeli,
1035 1776 1180 1834 quae
1202 1757 1453 1814 aetheria
1473 1757 1699 1828 dicitur,
1714 1764 1776 1814 et
1792 1777 1960 1814 suum

275 1841 485 1898 retinet
512 1839 773 1896 ardorem
801 1844 1035 1894 tenuem
1069 1844 1130 1894 et
1159 1837 1317 1893 nulla
1350 1838 1701 1894 admixtione
1736 1856 1964 1894 conere-

276 1928 403 1978 tum
436 1926 497 1976 et
528 1938 660 1976 cum
694 1918 843 1975 aeris
875 1917 1239 1975 extremitate
1272 1917 1658 1992 coniungitur.
1741 1917 1958 1975 XLVI.

278 2001 347 2058 In
377 1998 603 2056 aethere
631 2006 821 2055 autem
853 2004 1004 2054 astra
1025 1997 1347 2068 volvuntur,
1366 2016 1510 2073 quae
1538 2016 1598 2053 se
1627 2004 1686 2054 et
1706 1998 1835 2053 nisu
1857 2016 1964 2054 suo

277 2080 512 2158 globata
552 2078 850 2136 continent
892 2084 951 2134 et
984 2077 1175 2134 forma
1205 2077 1332 2154 ipsa
1363 2077 1658 2153 figuraque
1702 2097 1803 2133 sua
1843 2096 1965 2133 1110-

277 2167 473 2217 menta
501 2165 854 2216 sustentant:
891 2164 1024 2214 sunt
1046 2158 1201 2214 enim
1229 2158 1493 2228 rotunda,
1512 2157 1718 2234 quibus
1740 2157 1962 2228 formiS,

278 2248 345 2297 ut
378 2246 510 2297 ante
544 2239 753 2296 dixisse
788 2237 1000 2308 videor,
1032 2237 1272 2294 minime
1311 2237 1505 2294 noceri
1532 2244 1740 2313 potest.
1828 2242 1964 2294 118.

280 2321 430 2378 Sunt
471 2326 664 2376 autem
707 2317 900 2375 stellae
941 2325 1146 2374 natura
1184 2316 1516 2374 flammeae:
1562 2317 1827 2394 quocirca
1858 2324 1969 2373 ter-

280 2419 390 2471 rae,
416 2399 605 2470 mariS‚
630 2415 904 2474 aquarum
935 2396 1244 2474 vaporibus
1277 2396 1507 2454 aluntur
1533 2397 1621 2468 iis,
1648 2397 1746 2473 qui
1780 2417 1815 2454 a
1847 2396 1967 2454 sole

280 2500 349 2537 ex
371 2479 523 2556 agris
542 2476 848 2554 tepefactis
870 2483 929 2533 et
950 2495 1018 2532 ex
1041 2477 1205 2553 aquis
1234 2477 1571 2547 excitantur,
1592 2477 1799 2554 quibus
1821 2475 1970 2534 altae

279 2564 697 2634 renovataeque
731 2556 924 2613 stellae
968 2562 1140 2632 atque
1184 2557 1372 2613 omnis
1414 2556 1610 2613 aether
1649 2556 1972 2614 refundunt

281 2639 478 2695 eadem
510 2644 569 2695 et
588 2655 813 2695 rursum
842 2635 1078 2693 trahunt
1101 2636 1378 2707 indidem,
1396 2636 1543 2693 nihil
1564 2643 1631 2694 ut
1650 2636 1772 2694 fere
1799 2637 1974 2693 inter·

282 2725 373 2772 cat
414 2723 515 2773 aut
556 2716 868 2773 admodum
910 2715 1166 2788 paulum,
1200 2716 1356 2793 quod
1393 2723 1676 2774 astrorum
1717 2716 1869 2792 ignis
1912 2724 1973 2774 et

283 2796 529 2853 aetheris
549 2795 782 2852 flamma
803 2797 1108 2855 consumit.
1180 2797 1267 2853 Ex
1291 2816 1406 2874 quo
1428 2804 1765 2854 eventurum
1788 2798 1973 2854 nostri

283 2883 493 2953 putant
535 2873 614 2946 id,
646 2875 717 2932 de
761 2895 875 2952 quo
919 2876 1258 2934 Panaetium
1304 2877 1641 2934 addubitare
1684 2875 1972 2938 dicebant.

285 2964 350 3014 ut
372 2956 446 3013 ad
469 2963 787 3012 extremum
819 2957 1007 3012 omnis
1034 2956 1285 3012 mundus
1308 2957 1637 3033 ignesceret‚
1659 2975 1788 3014 cum
1811 2976 1977 3012 umo-

285 3059 345 3095 re
374 3043 718 3112 consumpto
742 3055 927 3112 neque
951 3044 1099 3093 terra
1120 3036 1193 3092 ali
1216 3043 1410 3112 posset
1431 3056 1535 3094 nec
1558 3043 1833 3095 remearet
1855 3043 1974 3106 aer,

287 3118 450 3175 cuius
480 3123 638 3173 ortus
667 3136 815 3193 aqua
843 3116 1002 3173 omni
1031 3116 1306 3174 exhausta
1334 3137 1454 3175 esse
1483 3138 1597 3175 non
1627 3124 1857 3194 posset:
1893 3119 1979 3176 ita

288 3198 534 3274 relinqui
564 3197 707 3254 nihil
737 3206 959 3272 praeter
987 3198 1200 3274 ignem,
1224 3217 1259 3255 a
1288 3218 1401 3275 quo
1430 3217 1653 3256 rursum
1682 3200 1979 3258 animante
