2205 3431
199 114 264 161 42
647 106 746 160 DE
780 111 1080 160 NATURA
1112 112 1432 162 DEORUM.

201 212 301 270 sed
334 211 654 269 rationibus
686 212 927 269 deorum
960 212 1375 269 immortalium
1412 213 1631 289 templa
1672 221 1728 271 et
1761 233 1885 271 aras

200 292 479 349 everterit.
566 291 721 360 Quid
749 300 835 349 est
858 291 1011 349 enim
1041 310 1142 348 cur
1169 292 1308 348 deos
1337 291 1408 349 ab
1431 292 1764 349 hominibus
1793 313 1885 351 co-

199 372 400 429 lendos
428 372 600 443 dicaS,
626 391 756 428 curn
792 372 852 428 di
880 391 997 427 non
1030 371 1209 428 modo
1231 371 1497 429 homines
1525 393 1642 429 non
1674 374 1881 445 colant,

200 452 300 509 sed
335 452 572 509 omnino
608 451 751 508 nihil
787 459 1002 522 curent,
1028 452 1172 508 nihil
1207 454 1419 528 agant?
1504 458 1634 510 116.
1685 453 1763 510 At
1798 461 1885 511 est

199 529 397 588 eorum
420 531 629 589 eximia
651 532 927 608 quaedam
950 539 1357 608 praestansque
1379 538 1597 603 natura,
1619 540 1684 590 ut
1706 552 1772 589 ea
1792 533 1885 591 de-

197 611 330 668 beat
359 612 485 688 ipsa
516 630 619 687 per
652 631 710 668 se
744 610 817 668 ad
852 631 911 668 se
945 611 1244 669 colendam
1278 612 1519 670 adlicere
1549 614 1881 689 sapientem.

197 692 295 748 An
327 691 640 769 quidquam
662 691 936 749 eximium
959 699 1154 768 potest
1175 710 1295 749 esse
1316 693 1376 748 in
1407 711 1473 748 ea
1499 700 1718 764 natura,
1741 712 1885 769 quae

199 790 301 827 sua
333 771 628 847 voluptate
672 770 888 828 laetans
928 771 1072 828 nihil
1107 790 1213 828 nec
1257 779 1452 828 actura
1493 773 1567 829 sit
1609 792 1883 849 umquam

201 870 383 927 neque
417 858 550 927 agat
582 870 767 927 neque
801 851 1018 927 egerit?
1101 850 1260 919 Quae
1293 870 1465 928 porro
1495 853 1680 928 pietas
1710 853 1760 909 ei
1791 853 1886 909 de-

199 930 382 1001 betur,
408 950 443 987 a
471 950 584 1007 quo
613 930 757 987 nihil
785 930 1101 1007 acceperis?
1143 938 1243 988 aut
1272 932 1412 1008 quid
1441 933 1696 1001 omnin0‚
1722 933 1885 989 cuius

199 1010 420 1067 nullum
449 1010 721 1068 meritum
750 1011 841 1081 sit,
863 1011 916 1068 ei
939 1011 1133 1068 deberi
1155 1013 1384 1087 potest?
1466 1011 1571 1068 Est
1594 1013 1747 1068 enim
1771 1013 1886 1088 pie-

199 1096 288 1146 tas
320 1090 540 1147 iustitia
572 1091 870 1148 adversum
907 1090 1061 1161 deOS‚
1092 1110 1224 1148 cum
1269 1091 1477 1168 quibus
1519 1092 1657 1168 quid
1691 1099 1885 1168 potest

199 1169 368 1227 nobis
396 1189 517 1227 esse
547 1170 699 1240 iuriS‚
725 1189 855 1227 cum
886 1170 1111 1227 homini
1138 1170 1297 1228 nulla
1318 1191 1448 1228 curn
1484 1171 1593 1228 deo
1630 1172 1703 1228 sit
1732 1191 1885 1229 com-

199 1251 486 1307 munitas?
569 1249 854 1307 Sanctitas
895 1257 1086 1307 autem
1122 1257 1209 1307 est
1243 1251 1480 1308 scientia
1513 1251 1884 1308 colendorum

201 1330 456 1401 deorum,
483 1331 581 1408 qui
611 1349 782 1406 quam
813 1329 887 1386 ob
915 1349 1036 1387 rem
1066 1330 1292 1388 colendi
1321 1331 1436 1388 sint
1463 1350 1582 1387 non
1610 1331 1884 1408 intellego

199 1410 358 1467 nullo
387 1430 491 1467 nec
520 1416 754 1486 accepto
783 1409 855 1466 ab
883 1410 954 1466 iis
981 1429 1086 1467 nec
1116 1418 1341 1486 sperato
1370 1410 1540 1468 bono,

281 1490 467 1547 XLII.
550 1489 678 1547 117.
713 1488 867 1558 Quid
889 1496 975 1547 est
996 1497 1189 1548 autem
1214 1490 1368 1566 quod
1392 1491 1531 1548 deos
1552 1510 1887 1548 veneremur

200 1577 439 1647 propter
465 1570 905 1627 admirationem
935 1570 1056 1626 eius
1083 1571 1374 1642 naturae,
1358 1590 1419 1626 m
1449 1590 1561 1647 qua
1590 1572 1884 1647 egregium

200 1650 343 1707 nihil
366 1650 662 1707 videmus?
735 1649 887 1706 Nam
917 1650 1338 1727 superstitione,
1360 1647 1518 1728 quod
1546 1651 1776 1728 gloriari
1800 1670 1886 1707 so-

199 1731 345 1802 letis,
376 1731 545 1787 facile
587 1737 674 1787 est
713 1730 957 1801 liberari,
989 1749 1123 1788 cum
1164 1731 1459 1788 sustuleris
1501 1751 1732 1788 omnem
1767 1732 1884 1788 vim

201 1811 457 1868 deorum.
542 1810 671 1868 Nisi
704 1811 857 1868 forte
890 1809 1207 1886 Diagoram
1241 1817 1341 1867 aut
1372 1810 1759 1882 Theodorum,
1786 1812 1885 1888 qui

201 1892 438 1947 omnino
468 1891 606 1948 deos
634 1910 754 1947 esse
776 1889 1078 1966 negabant,
1100 1909 1294 1947 censes
1317 1892 1741 1967 superstitiosos
1763 1911 1885 1949 esse

200 1972 473 2047 potuisse.
550 1969 677 2046 Ego
700 1989 771 2027 ne
794 1970 1172 2045 Protagoram
1196 1971 1462 2047 quidem:
1503 1972 1595 2028 cui
1617 1979 1884 2028 neutrum

201 2051 424 2108 licuerit
456 2069 560 2107 nec
595 2069 715 2107 esse
749 2050 888 2107 deos
929 2069 1033 2106 nec
1074 2070 1193 2106 non
1236 2070 1372 2108 esse.
1457 2051 1686 2108 Horum
1730 2051 1884 2107 enim

203 2132 517 2188 sententiae
567 2130 826 2187 omnium
875 2149 991 2186 non
1040 2130 1218 2186 modo
1269 2131 1734 2206 superstitionem
1778 2131 1886 2187 tol-

203 2210 345 2282 lunt,
371 2211 430 2267 in
463 2230 574 2288 qua
601 2211 748 2267 inest
776 2210 954 2266 timor
980 2210 1169 2266 inanis
1197 2210 1451 2280 deorum,
1473 2211 1573 2267 sed
1601 2211 1772 2267 etiam
1804 2230 1886 2268 re-

203 2291 493 2368 ligionem,
519 2310 662 2367 quae
705 2290 943 2347 deorum
987 2290 1145 2347 cultu
1181 2292 1278 2367 pio
1320 2291 1659 2348 continetur.
1751 2296 1881 2348 118.

204 2370 394 2439 Quid?
436 2371 494 2441 ii,
532 2371 630 2447 qui
675 2370 943 2428 dixerunt
983 2375 1168 2427 totam
1214 2370 1285 2427 de
1330 2370 1419 2428 dis
1465 2369 1886 2427 immortalibus

205 2452 537 2527 opinionem
567 2449 759 2507 fictam
795 2470 915 2507 esse
950 2449 1020 2507 ab
1049 2450 1383 2507 hominibus
1417 2450 1769 2527 sapientibus
1802 2451 1886 2507 rei

204 2532 464 2608 publicae
492 2549 676 2600 causa,
701 2537 782 2601 ut,
809 2549 952 2607 quos
979 2531 1126 2587 ratio
1159 2549 1277 2587 non
1306 2538 1516 2607 posset,
1541 2550 1638 2588 eos
1666 2530 1740 2587 ad
1768 2529 1888 2587 offi-

205 2612 357 2669 cium
380 2612 580 2687 religio
604 2612 851 2682 duceret,
873 2629 1064 2667 nonne
1087 2629 1317 2667 omnem
1341 2610 1675 2686 religionem
1696 2610 1888 2667 fundi-

205 2698 298 2748 tus
321 2692 705 2749 sustulerunt?
780 2689 969 2759 Quid?
1044 2690 1323 2748 Prodicus
1346 2691 1511 2761 CeuS‚
1534 2692 1632 2767 qui
1655 2710 1720 2747 ea
1742 2710 1886 2767 quae

205 2772 543 2847 prodessent
566 2770 865 2828 hominum
890 2772 1055 2840 vitae,
1077 2770 1315 2827 deorum
1340 2771 1397 2827 in
1428 2790 1667 2827 numero
1689 2770 1888 2827 habita

207 2871 326 2908 esse
361 2851 524 2921 dixit,
555 2870 726 2927 quam
765 2850 996 2907 tandem
1030 2850 1366 2926 religionem
1401 2850 1666 2927 reliquit?
1752 2856 1883 2907 119.

207 2931 399 2998 Quid?
443 2931 541 3006 qui
583 2938 683 2986 aut
727 2930 907 2986 fortes
953 2937 1052 2986 aut
1093 2930 1273 2987 claros
1302 2937 1402 2988 aut
1434 2938 1701 3007 potentes
1734 2930 1889 2986 viros

206 3011 443 3067 tradunt
470 3016 604 3084 post
630 3017 877 3065 mortem
906 3010 979 3066 ad
1008 3010 1147 3066 deos
1175 3011 1498 3085 pervenisse
1528 3029 1737 3088 eosque
1768 3029 1888 3067 esse

207 3090 364 3166 ipsos
400 3108 543 3166 quos
576 3108 681 3145 nos
715 3088 914 3160 colere,
938 3090 1154 3166 precari
1188 3091 1553 3167 venerarique
1588 3092 1887 3162 soleamuS,

208 3189 398 3227 nonne
440 3177 698 3243 expertes
740 3176 873 3226 sunt
907 3170 1247 3245 religionum
1292 3172 1588 3227 omnium?
1631 3191 1773 3248 quae
1809 3191 1888 3227 ra·
