2205 3431
643 153 783 203 LIB.
807 153 904 214 ΙΙ.,
927 152 1084 203 ΟΑΡ.
1107 152 1496 215 XV.-XVIII.‚
1521 151 1551 212 ἓ
1575 154 1755 203 42-47.
1975 156 2039 202 63

358 255 428 312 In
459 274 573 332 quo
601 254 747 311 nihil
776 261 863 312 est
884 253 1172 311 difficilius
1202 273 1373 331 quam
1407 274 1441 311 a
1469 254 1880 311 consuetudine
1910 274 2040 312 ocu-

359 335 544 392 lorum
573 335 750 391 aciem
781 335 990 392 mentis
1019 333 1315 392 abducere.
1380 333 1466 390 Ea
1487 332 1789 391 difficultas
1812 334 2040 392 induxit

358 423 416 472 et
448 414 620 491 vulgo
653 415 951 506 imperitos
993 421 1051 471 et
1092 414 1307 471 similes
1339 413 1715 491 philosophos
1747 414 2040 490 imperito-

357 514 502 565 rum,
527 504 593 551 ut
625 495 736 550 nisi
769 493 966 570 figuris
1008 494 1309 551 hominum
1353 493 1684 551 constitutis
1724 493 1867 550 nihil
1910 513 2039 570 pos-

358 581 484 631 sent
511 574 583 631 de
611 574 701 630 dis
729 573 1149 631 immortalibus
1182 575 1450 649 cogitare.
1536 573 1714 631 Cuius
1748 574 2039 650 opinionis

356 654 555 711 levitas
596 654 895 711 confutata
935 674 969 711 a
1009 653 1186 711 Cotta
1226 673 1343 710 non
1389 652 1674 712 desiderat
1716 653 2035 711 orationem

355 752 558 790 meam.
629 733 743 790 Sed
770 753 903 790 cum
924 733 1097 790 talem
1127 752 1247 790 esse
1277 734 1449 791 deum
1477 740 1631 790 certa
1655 734 1893 791 notione
1923 734 2039 790 ani-

355 813 438 869 mi
464 814 929 890 praesentiamus‚
955 813 1206 889 primum
1237 820 1304 870 ut
1332 814 1407 870 sit
1434 813 1709 884 animans,
1735 813 1944 870 deinde
1971 820 2038 869 ut

355 893 415 949 in
446 893 605 949 omni
627 900 829 950 natura
850 893 992 950 nihil
1016 912 1084 950 eo
1109 893 1184 950 sit
1205 894 1602 970 praestantius,
1619 893 1691 950 ad
1714 892 1859 950 hanc
1882 912 2039 969 prae-

355 973 676 1030 sensionem
720 973 1134 1050 notionemque
1178 980 1433 1031 nostram
1479 973 1623 1030 nihil
1665 973 1833 1030 video
1879 973 2038 1049 quod

354 1053 549 1128 potius
589 1052 1018 1109 accommodem
1062 1072 1233 1130 quam
1277 1059 1343 1109 ut
1376 1053 1627 1129 primum
1659 1052 1812 1110 hunc
1846 1053 2035 1129 ipsum

353 1132 653 1202 mundum,
680 1152 794 1209 quo
830 1132 971 1189 nihil
1007 1133 1374 1190 excellentius
1402 1132 1524 1189 fieri
1552 1139 1759 1209 potest,
1785 1134 2037 1189 animan-

354 1219 471 1268 tem
502 1231 621 1269 esse
650 1222 708 1270 et
730 1212 903 1269 deum
924 1212 1191 1270 iudicem.
1264 1217 1357 1270 46.
1390 1212 1506 1270 Hic
1536 1231 1706 1289 quam
1730 1212 1883 1269 volet
1904 1212 2038 1289 Epi-

353 1310 520 1348 curus
548 1293 781 1362 locetur,
797 1291 973 1349 homo
1002 1312 1120 1349 non
1148 1293 1477 1369 aptissimus
1506 1293 1579 1349 ad
1601 1292 1904 1349 iocandum
1933 1293 2038 1348 mi-

353 1372 621 1447 nimeque
649 1372 924 1448 resipiens
957 1372 1221 1448 patriam,
1247 1379 1305 1429 et
1333 1372 1487 1429 dicat
1516 1391 1575 1428 se
1608 1391 1724 1428 non
1759 1391 1926 1448 posse
1954 1372 2037 1428 in-

353 1450 618 1527 tellegere
650 1451 831 1528 qualis
860 1452 936 1508 sit
963 1451 1230 1508 volubilis
1259 1458 1318 1508 et
1345 1451 1626 1509 rotundus
1659 1451 1816 1522 dem,
1841 1459 2035 1508 tamen

354 1550 423 1586 ex
452 1530 578 1600 hoe,
600 1532 755 1608 quod
784 1532 958 1588 etiam
986 1531 1110 1607 ipse
1137 1531 1360 1608 probat,
1381 1550 1699 1608 numquam
1727 1551 1820 1588 me
1846 1551 2037 1588 move-

352 1610 455 1667 bit.
527 1611 725 1669 Placet-
753 1611 908 1668 enim
936 1611 1019 1668 illi
1049 1630 1170 1668 esse
1199 1611 1353 1681 deOS,
1371 1611 1504 1688 quia
1530 1630 1757 1668 necesse
1786 1611 1860 1667 sit
1881 1630 2038 1687 prae-

354 1697 600 1748 stantem
642 1711 762 1749 esse
805 1691 1051 1769 aliquam
1085 1697 1346 1749 naturam
1386 1710 1496 1768 qua
1528 1690 1672 1747 nihil
1707 1691 1781 1748 sit
1813 1690 2032 1749 melius,

354 1770 574 1828 Mundo
608 1779 799 1829 autem
834 1780 986 1829 certe
1028 1771 1173 1828 nihil
1208 1778 1293 1829 est
1327 1772 1545 1829 meliuS.
1630 1770 1752 1828 Nec
1795 1770 2033 1828 dubium

355 1852 511 1927 quin,
530 1851 686 1928 quod
706 1852 966 1908 animans
988 1852 1063 1909 sit
1083 1851 1403 1928 habeatque
1426 1871 1649 1908 sensum
1676 1859 1733 1908 et
1754 1852 2034 1909 rationem

355 1939 413 1988 et
445 1939 714 2001 mentem,
746 1932 807 1988 id
841 1932 916 1988 sit
949 1932 1152 1989 melius
1196 1951 1366 2008 quam
1401 1932 1478 2001 id,
1511 1932 1667 2008 quod
1699 1931 1789 1988 his
1831 1940 2031 1989 careat.

355 2011 448 2068 47.
487 2010 578 2069 Ita
619 2011 862 2069 efficitur
901 2012 1270 2082 animantem,
1303 2031 1514 2080 sensus
1547 2012 1773 2082 mentis,
1798 2012 2036 2068 rationis

354 2091 635 2161 mundum
677 2110 798 2149 esse
840 2097 1185 2168 compotem.
1271 2089 1399 2158 Qua
1438 2092 1659 2148 ratione
1701 2092 1873 2148 deum
1916 2110 2035 2148 esse

352 2171 634 2228 mundum
669 2170 1044 2228 concluditur.
1132 2169 1248 2227 Sed
1275 2170 1414 2227 haec
1448 2171 1620 2247 paulo
1652 2178 1783 2247 post
1811 2171 2036 2234 facilius

354 2257 774 2324 cognoscentur
806 2270 875 2308 ex
905 2251 975 2307 iis
1008 2250 1177 2308 rebus
1205 2251 1361 2327 ipsiS,
1390 2270 1528 2327 quas
1561 2250 1811 2307 mundus
1845 2249 2033 2308 efficit.

353 2330 583 2388 XVIII.
621 2329 860 2401 Interea,
875 2330 1077 2400 Vellei,
1100 2330 1237 2401 noli,
1260 2349 1485 2408 quaem,
1510 2349 1643 2407 prae
1672 2338 1730 2387 te
1758 2331 1906 2387 ferre
1935 2350 2037 2386 vos

353 2409 520 2487 plane
554 2417 811 2486 expertes
840 2430 959 2467 esse
989 2410 1297 2467 doctrinae.
1369 2409 1594 2467 Conum
1619 2410 1727 2467 tibi
1748 2410 1831 2467 ais
1860 2416 1918 2467 et
1945 2429 2035 2485 cy-

353 2490 601 2547 lindrum
619 2497 676 2547 et
689 2490 1046 2567 pyramidem
1063 2489 1445 2566 pulchriorem
1462 2510 1631 2566 quam
1653 2490 1948 2565 sphaeram
1963 2490 2038 2545 vi-

353 2570 489 2627 deri.
556 2570 784 2626 Novum
807 2570 981 2627 etiam
1001 2570 1294 2626 oculorum
1316 2569 1590 2626 iudicium
1609 2569 1848 2626 habetis
1922 2569 2038 2626 Sed

286 2677 287 2680 ¹
353 2650 469 2706 sint
496 2650 606 2706 ista
637 2649 963 2726 pulchriora
996 2649 1296 2706 dumtaxat
1323 2656 1573 2726 aspectu,
1601 2649 1756 2725 quod
1783 2649 1929 2705 mihi
1958 2656 2039 2705 ta-

351 2749 484 2786 men
519 2730 707 2806 ipsum
743 2749 859 2786 non
890 2729 1148 2786 videtur:
1194 2729 1332 2806 quid
1367 2729 1519 2785 enim
1554 2728 1847 2805 pulchrius
1880 2749 1946 2786 ea
1977 2729 2039 2785 fi-

351 2828 509 2885 gura,
536 2829 679 2886 quae
713 2809 834 2866 sola
875 2828 1074 2866 omnes
1113 2808 1251 2865 alias
1283 2808 1492 2885 figuras
1525 2809 1823 2885 complexa
1860 2810 2038 2866 conti-

351 2895 452 2945 net
475 2908 730 2966 quaeque
759 2888 903 2945 nihil
933 2889 1255 2965 asperitatis
1283 2888 1505 2960 habere,
1529 2888 1671 2945 nihil
1704 2890 2038 2947 offensionis

353 2976 561 3045 potest,
594 2969 737 3025 nihil
772 2969 1016 3026 incisum
1050 2969 1291 3045 anguliS,
1322 2968 1464 3024 nihil
1500 2969 1868 3039 anfractibuS,
1893 2969 2036 3025 nihil

353 3048 626 3119 eminenS,
641 3048 784 3105 nihil
807 3048 1174 3106 lacunosum?
1207 3068 1451 3125 cumque
1474 3048 1618 3106 duae
1641 3049 1861 3106 formae
1883 3069 2038 3125 prae-

354 3129 735 3185 stantissimae
765 3128 895 3199 sint,
916 3148 985 3186 ex
1008 3128 1206 3185 solidis
1227 3128 1593 3205 globus—sic
1617 3130 1769 3186 enim
1794 3137 2036 3204 σφαῖραν

353 3207 713 3285 interpretari
737 3207 1074 3285 placet-—ex
1098 3208 1283 3285 planis
1312 3216 1500 3264 auten]
1534 3208 1714 3264 circus
1743 3217 1841 3264 aut
1864 3208 2032 3275 orbis,

2077 3255 2130 3312 ΑΙ·
