2205 3431
660 108 798 157 LlB.
828 108 918 168 11„
941 107 1095 157 CAP.
1127 107 1382 167 V1.—1x.‚
1412 106 1439 166 §
1477 111 1646 157 17-23.
1938 114 2001 158 55

318 210 523 288 spiritu
553 210 995 268 continerentur.
1083 216 1177 266 20.
1213 210 1405 287 Atque
1434 209 1572 268 haec
1608 231 1738 268 cum
1775 212 2002 270 uberius

318 292 687 368 disputantur
728 297 786 348 et
818 291 1020 361 fusius,
1052 298 1118 347 ut
1159 290 1304 347 mihi
1347 298 1434 347 est
1466 291 1525 347 in
1569 292 1763 349 animo
1796 294 2000 363 facere,

316 372 545 429 facilius
578 371 866 447 effugiunt
892 370 1371 427 Academicorum
1407 370 1767 429 calumniam.
1852 373 2002 430 Cum

316 461 528 522 autem,
564 459 631 508 ut
671 451 823 508 Zeno
874 450 1108 521 solebat,
1152 450 1379 507 brevius
1420 451 1830 528 angustiusque
1872 472 2003 509 con-

316 533 640 602 cluduntur,
670 540 797 588 tum
840 530 1127 607 apertiora
1167 538 1302 587 sunt
1344 531 1417 587 ad
1450 531 1998 608 reprehendendum.

317 612 468 668 Nam
498 621 563 668 ut
584 611 873 689 profluens
901 611 1087 667 amnis
1115 618 1216 667 aut
1237 611 1332 667 vix
1360 618 1460 667 aut
1481 610 1639 668 nullo
1661 611 1854 682 mod0‚
1872 631 2003 669 con-

315 692 471 748 clusa
497 699 688 748 autem
718 710 867 768 aqua
885 690 1055 748 facile
1076 691 1476 766 corrumpitur,
1494 691 1574 748 sic
1603 692 1880 749 orationis
1900 691 1997 749 fiu-

314 772 472 828 mine
514 771 933 849 reprehensoris
975 771 1234 828 convicia
1267 771 1579 842 diluuntur,
1610 773 1875 848 angustia
1907 792 2002 829 au-

313 860 435 907 tem
477 851 774 908 conclusae
817 851 1093 908 orationis
1136 870 1251 907 non
1293 850 1461 907 facile
1504 870 1563 908 se
1605 852 1729 929 ipsa
1760 860 1996 909 tutatur.

314 931 476 988 Haec
506 932 677 1003 enim,
703 950 847 1007 quae
880 931 1195 988 dilatantur
1223 950 1257 987 a
1283 931 1468 1001 nobiS,
1493 930 1646 988 Zeno
1675 932 1755 988 sic
1784 951 2001 1009 preme-

314 1011 446 1068 bat:
527 1071 531 1076 ,

395 1090 561 1149 VIII.
648 1097 739 1148 21.
789 1090 1014 1159 “Quod
1054 1091 1276 1147 ratione
1324 1091 1522 1162 utitur,
1558 1091 1619 1147 id
1667 1091 1872 1148 melius
1913 1099 1998 1149 est

315 1190 487 1247 quam
537 1171 599 1229 id
649 1173 805 1248 quod
853 1172 1075 1228 ratione
1130 1190 1248 1227 non
1298 1171 1495 1228 utitur.
1594 1171 1756 1227 Nihil
1805 1178 1996 1229 autem

312 1252 531 1308 mundo
565 1252 801 1309 melius:
846 1251 1067 1308 ratione
1099 1251 1278 1327 igit-ur
1311 1251 1560 1308 mundus
1595 1250 1829 1309 utitur.”
1915 1251 1998 1307 Si-

313 1331 527 1388 militer
559 1331 705 1389 cffici
738 1339 931 1408 potest
967 1331 1284 1408 sapientem
1320 1350 1439 1388 esse
1472 1331 1771 1400 mundum,
1804 1331 1998 1387 simili-

313 1418 401 1468 ter
432 1411 682 1481 beatum,
715 1412 978 1469 similiter
1018 1419 1330 1468 aeternum.
1416 1412 1627 1469 Omnia
1668 1412 1822 1468 enim
1861 1411 1996 1468 haec

312 1490 549 1548 meliora
590 1499 723 1548 sunt
765 1511 937 1569 quam
984 1510 1050 1547 ea
1092 1511 1235 1568 quae
1281 1498 1415 1548 sunt
1457 1491 1546 1547 his
1588 1491 1854 1560 carent-ia,
1887 1511 1991 1547 nec

313 1572 531 1628 mundo
562 1571 875 1648 quidquam
903 1571 1134 1628 melius:
1171 1591 1239 1628 ex
1271 1591 1385 1648 qno
1414 1570 1657 1627 efficitur
1685 1590 1805 1628 esse
1836 1589 1997 1627 mun-

311 1651 451 1707 dum
482 1651 669 1709 deum.
744 1658 836 1709 22.
870 1651 1146 1728 Idemque
1175 1651 1285 1708 hoc
1314 1651 1524 1708 modo:
1564 1651 1597 1677 ‘⁶
1618 1650 1846 1707 Nullius
1875 1671 1995 1707 sen-

311 1752 378 1788 su
407 1733 650 1789 carentis
679 1752 810 1809 pars
842 1733 1032 1810 aliqua
1059 1739 1253 1808 potest
1287 1751 1407 1790 esse
1437 1731 1701 1788 sentiens
1789 1731 1993 1789 Mundi

309 1819 501 1869 autem
531 1820 720 1889 partes
749 1813 1058 1870 sentientes
1086 1819 1249 1869 sunt:
1295 1831 1410 1869 non
1439 1812 1617 1889 igitur
1645 1819 1798 1869 caret
1826 1832 1994 1869 sensu

310 1892 613 1950 mundus.”
697 1892 898 1969 Pergit
938 1893 1093 1949 idem
1138 1902 1196 1949 et
1236 1900 1402 1968 urget
1443 1893 1777 1968 angustius:
1842 1892 1995 1950 “Ni-

309 1971 443 2028 hil''
486 1973 677 2050 inquit
721 1973 931 2049 “quod
972 1973 1149 2029 animi
1195 1972 1461 2049 quodque
1503 1972 1741 2029 rationis
1784 1979 1870 2030 est
1902 1992 1994 2030 ex-

308 2072 453 2127 perS,
474 2053 536 2109 id
556 2072 824 2129 generare
854 2073 922 2110 ex
953 2072 1011 2109 se
1040 2060 1233 2129 potest
1262 2053 1609 2109 animantem
1642 2059 1994 2130 compotem-

309 2152 419 2214 que
441 2134 692 2190 rationis,
758 2132 1009 2189 Mundus
1031 2139 1220 2189 autem
1246 2140 1480 2208 generat
1501 2133 1820 2190 animantes
1841 2153 1992 2190 com-

308 2220 588 2289 potesque
616 2213 867 2270 rationis.
941 2213 1223 2268 Animans
1252 2219 1337 2269 est
1358 2213 1536 2288 igitur
1562 2213 1813 2269 mundus
1842 2233 1993 2270 com-

308 2311 528 2369 posque
550 2292 843 2350 rationiS.’'
912 2292 1188 2369 Idemque
1212 2292 1603 2364 similitudine,
1624 2300 1690 2349 ut
1713 2313 1878 2370 saepe
1908 2313 1993 2350 so-

307 2372 401 2442 let,
428 2373 705 2430 rationem
736 2372 1016 2430 conclusit
1045 2372 1156 2429 hoc
1187 2372 1361 2429 modo
1387 2391 1399 2429 :
1447 2373 1479 2400 ‘⁴
1501 2372 1562 2429 Si
1591 2393 1659 2430 ex
1690 2373 1840 2429 oliva
1871 2393 1992 2430 mo-

307 2452 499 2510 dulate
518 2460 784 2510 canentes
797 2452 972 2509 tibiae
990 2460 1524 2523 nascerentur‚num
1544 2452 1833 2510 dubitares
1853 2453 1989 2529 quin

306 2532 517 2589 inesset
537 2533 596 2589 in
622 2533 773 2589 oliva
793 2533 1041 2590 tibicinii
1065 2533 1341 2609 quaedam
1368 2533 1641 2590 scientia?
1709 2532 1899 2601 Quid?
1943 2534 1991 2589 si

305 2611 524 2688 platani
545 2612 802 2670 fidiculas
829 2613 1046 2670 ferrent
1075 2632 1376 2669 numerose
1406 2621 1690 2682 sonanteS,
1713 2613 1862 2669 idem
1890 2614 1992 2670 sci*

305 2692 441 2749 licet
475 2711 730 2750 censeres
764 2693 824 2749 in
857 2692 1105 2770 platanis
1140 2693 1323 2749 inesse
1356 2693 1652 2749 musicam.
1739 2693 1856 2749 Cur
1889 2693 1992 2770 igi-

305 2779 399 2828 tur
432 2773 684 2829 mundus
716 2791 833 2829 non
870 2773 1129 2829 animans
1163 2775 1500 2849 sapiensque
1534 2773 1832 2844 iudicetur,
1859 2793 1990 2830 cum

305 2871 373 2908 ex
405 2871 463 2908 se
492 2861 750 2929 procreet
778 2853 1098 2909 animantes
1127 2860 1298 2929 atque
1328 2854 1611 2929 sapientes
1628 2852 1683 2910 2”

386 2931 492 2990 IX.
540 2939 632 2989 23.
665 2932 779 2990 Sed
810 2933 1080 3010 quoniam
1112 2933 1275 3009 coepi
1306 2952 1465 2989 secus
1494 2953 1658 3009 agere
1689 2941 1859 3011 atque
1889 2934 1992 2991 ini-

306 3012 388 3068 tio
432 3012 1052 3089 dixeram—negaram
1095 3014 1248 3069 enim
1292 3012 1438 3070 hanc
1480 3014 1723 3089 primam
1769 3023 1990 3090 partem

299 3111 469 3167 egere
500 3094 772 3162 oratione,
795 3093 952 3168 quod
986 3101 1133 3149 esset
1163 3093 1430 3149 omnibus
1458 3093 1821 3168 perspicuum
1853 3094 1990 3149 deos

304 3181 700 3230 esse—tamen
734 3173 792 3228 id
817 3173 1003 3247 ipsum
1036 3171 1353 3228 rationibus
1375 3170 1628 3245 physicis
1657 3171 1989 3226 confirmare
