2205 3431
654 486 741 548 M
785 483 1078 548 TULLII
1140 485 1605 546 CICERONIS

531 631 705 710 DE
781 628 1732 710 DIVINATIONE

754 799 1018 849 LIBER
1058 798 1498 850 SECUNDUS.

824 1035 1433 1086 ARGUMENTUM.

355 1136 469 1184 Hoc
499 1135 653 1184 altero
683 1133 745 1183 de
775 1135 1077 1183 divinatione
1107 1136 1231 1182 libro
1260 1135 1434 1183 Cicero
1457 1142 1715 1197 postquam
1746 1132 1807 1182 de
1835 1132 1972 1181 libris

290 1201 392 1250 suis
420 1210 536 1250 ante
563 1201 652 1248 hos
679 1200 743 1248 de
769 1201 1070 1248 divinatione
1096 1201 1245 1248 libros
1274 1201 1467 1262 scriptis
1494 1209 1545 1248 et
1572 1201 1635 1247 de
1668 1200 1841 1247 studiis
1871 1200 1972 1246 suis

290 1267 492 1314 omnino
515 1266 760 1327 exposuit,
781 1281 888 1327 cap.
915 1271 957 1326 1,
979 1270 1026 1326 2,
1047 1265 1074 1324 §
1108 1269 1211 1326 1-7,
1234 1275 1407 1313 contra
1430 1265 1673 1313 rationem
1700 1265 1917 1313 Stoicam
1942 1281 1973 1312 a

291 1333 353 1391 Q.
371 1331 520 1380 fratre
538 1331 660 1378 libro
683 1331 932 1392 superiore
952 1331 1271 1392 explanatam
1289 1338 1337 1378 et
1356 1331 1607 1378 defensam
1625 1330 1875 1391 disputare
1899 1329 1974 1376 in·-

291 1398 466 1444 stituit.
534 1396 737 1443 Initium
764 1396 883 1443 facit
905 1412 936 1443 a
959 1395 1229 1443 Carneadis
1249 1405 1539 1455 argumento
1560 1394 1748 1442 nullam
1770 1408 1876 1443 esse
1898 1394 1972 1441 di-

290 1462 591 1509 vinationem
633 1461 890 1520 censentis,
919 1460 1051 1522 quod
1089 1460 1225 1507 nulla
1262 1461 1325 1506 sit
1365 1460 1681 1507 divinationis
1716 1468 1973 1521 tamquam

291 1527 538 1574 materies,
611 1525 816 1573 Nullam
843 1527 976 1574 enim
1003 1540 1113 1573 esse
1139 1525 1490 1573 divinationem
1520 1539 1679 1586 neque
1706 1539 1873 1572 earum
1898 1538 1973 1572 re-

291 1607 419 1652 rum,
440 1605 568 1654 quae
590 1592 813 1638 sensibus
830 1591 1178 1652 percipiantur,
1195 1604 1354 1652 neque
1373 1605 1557 1649 earum,
1580 1604 1706 1651 quae
1728 1599 1834 1636 arte
1854 1589 1975 1636 trac-

291 1666 472 1717 tentur,
494 1670 653 1718 neque
686 1671 871 1715 carum,
895 1671 1023 1719 quae
1050 1656 1098 1702 in
1137 1669 1189 1702 re
1214 1655 1410 1717 publica
1435 1665 1701 1714 versentur,
1723 1668 1829 1715 cap.
1850 1656 1898 1714 3,
1920 1656 1966 1713 4,

294 1722 322 1786 ξ
341 1725 486 1770 8-12.
541 1723 807 1769 Praeterea
823 1737 922 1769 non
941 1720 1309 1769 concedendum
1328 1721 1481 1769 videri
1498 1720 1849 1767 divinationem
1868 1735 1975 1768 esse
2033 1764 2039 1769 .

293 1787 673 1850 praedictionem
699 1797 749 1834 et
768 1787 1164 1848 praesensionem
1186 1801 1351 1834 rerum
1375 1785 1685 1834 fortuitarum
1706 1803 1718 1833 ε
1757 1786 1975 1847 primum

293 1853 424 1900 enim
445 1861 632 1910 ventOS,
652 1862 854 1899 eventus
883 1851 1183 1911 morborum,
1198 1851 1355 1898 multa
1377 1852 1477 1899 alia
1502 1866 1608 1899 esse
1634 1851 1852 1910 fortuita,
1873 1865 1974 1897 non

293 1928 459 1965 tamen
483 1932 511 1964 e
535 1917 812 1966 Stoicorum
835 1926 1001 1965 mente
1024 1916 1314 1964 divinationi
1333 1917 1582 1964 subiecta:
1618 1915 1796 1963 deinde
1818 1916 1859 1962 si
1879 1915 1976 1963 for-

295 1984 421 2030 tuita
446 1982 688 2040 dicantur,
709 1996 839 2043 quae
873 1997 1032 2043 neque
1059 1982 1249 2028 ratione
1275 1996 1435 2043 neque
1461 1991 1566 2029 arte
1592 1981 1837 2042 provideri
1863 1996 1977 2043 pos-

294 2048 407 2107 sint,
428 2047 560 2109 quod
586 2047 635 2093 in
671 2048 867 2095 fortuna
894 2048 1055 2108 posita
1081 2047 1195 2105 sint,
1214 2046 1404 2094 nullam
1430 2062 1575 2107 posse
1608 2061 1775 2093 earum
1810 2061 1974 2094 rerum

295 2128 400 2161 esse
424 2111 835 2174 praesensionem.
898 2112 986 2160 Sin
1009 2120 1176 2159 autem
1207 2111 1358 2159 Stoici
1385 2121 1566 2170 negent
1592 2126 1697 2159 esse
1725 2111 1975 2159 fortunam

296 2188 346 2226 et
372 2177 553 2237 omnia,
578 2192 707 2239 quae
737 2177 835 2223 sint
863 2191 1085 2239 quaeque
1112 2177 1277 2224 futura
1304 2176 1417 2237 sint,
1438 2192 1503 2223 ex
1525 2177 1659 2223 omni
1683 2176 1978 2223 aeternitate

294 2244 510 2291 fataliter
542 2242 749 2289 definita
780 2257 887 2290 esse
920 2242 1154 2296 iudicent,
1179 2240 1301 2288 nihil
1334 2241 1566 2302 prodesse
1600 2241 1971 2299 divinationem,

295 2323 401 2369 cap.
423 2310 536 2368 5-8,
559 2306 586 2365 §
614 2309 789 2367 12-21,
810 2316 860 2354 et
882 2322 997 2355 vero
1014 2306 1241 2353 inutilem
1264 2306 1543 2353 hominibus
1567 2321 1673 2354 esse
1695 2305 1977 2354 futurarum

295 2388 463 2421 rerum
489 2372 761 2431 scientiam,
781 2387 888 2433 cap.
911 2374 961 2431 9,
982 2371 1009 2430 §
1036 2372 1212 2431 22-24,
1232 2380 1281 2418 et
1303 2371 1437 2433 quod
1459 2371 1627 2418 dicant
1648 2372 1782 2418 mala
1808 2371 1977 2419 omnia

298 2439 359 2486 ad
379 2437 633 2485 ferendum
652 2436 833 2485 leviora
850 2437 954 2484 fore
972 2437 1115 2484 rebus
1138 2436 1315 2484 divinis
1333 2437 1622 2497 procuratis,
1642 2436 1764 2482 nihil
1780 2436 1830 2483 id
1848 2449 1973 2495 esse,

298 2503 445 2566 quod,
470 2503 511 2549 si
545 2501 667 2549 nihil
693 2501 782 2550 fiat
815 2511 959 2549 extra
991 2501 1166 2561 fatum,
1186 2501 1308 2548 nihil
1334 2502 1483 2548 levari
1518 2516 1569 2549 re
1603 2501 1770 2549 divina
1801 2501 1973 2563 possit,

298 2584 406 2630 cap.
429 2570 503 2628 10,
523 2565 550 2625 ἓ
571 2569 650 2626 25,
674 2569 751 2614 26.
808 2567 1057 2629 Deinceps
1081 2566 1272 2625 singula
1295 2566 1610 2614 divinationis
1633 2580 1829 2625 genera,
1850 2581 1980 2627 quae

298 2649 406 2696 cap.
432 2635 508 2692 11,
532 2631 559 2690 ξ
584 2635 664 2692 26,
689 2634 751 2680 27
775 2631 938 2679 denuo
961 2632 1186 2693 partitur,
1214 2630 1427 2679 refutare
1454 2630 1753 2691 adgreditur.
1812 2631 1892 2678 Ac
1916 2631 1979 2678 de

299 2698 614 2759 haruspicina
631 2697 828 2762 quidem
849 2697 1081 2759 disputat,
1094 2697 1144 2744 id
1164 2705 1252 2754 est,
1274 2697 1336 2744 de
1354 2696 1498 2755 extiS,
1519 2711 1625 2757 cap.
1641 2696 1811 2755 12-16,
1833 2694 1860 2753 §
1882 2697 1979 2742 28-

300 2767 365 2812 37
383 2782 396 2823 ;
437 2764 499 2811 (18
515 2762 799 2822 fulguribuS,
820 2777 925 2823 cap.
953 2765 1126 2822 17-21,
1148 2760 1175 2819 ἓ
1202 2763 1391 2821 38-493
1430 2761 1491 2808 de
1514 2760 1734 2820 ostentis,
1754 2775 1861 2822 cap.
1882 2762 1981 2807 22-

301 2832 383 2889 32,
403 2827 430 2886 §
456 2830 632 2876 49-69.
706 2827 902 2875 Deinde
923 2834 1166 2874 monstrat
1185 2841 1334 2887 quam
1353 2841 1480 2873 vana
1496 2826 1594 2872 sint
1614 2825 1844 2887 auspicia,
1866 2840 1972 2887 cap.

303 2892 529 2953 33-40‚§
560 2894 734 2941 70-84.
807 2894 939 2939 'sum
973 2892 1034 2939 de
1067 2892 1277 2939 sortibus
1305 2891 1422 2950 agit,
1445 2889 1701 2953 cap.4l,§
1731 2892 1909 2949 85—87,
1930 2900 1979 2937 et

305 2960 367 3007 de
394 2958 754 3007 Chaldaeorum
781 2957 1195 3019 praedictionibus
1222 2956 1526 3015 astrologicis
1553 2970 1819 3017 earumque
1841 2956 1980 3002 vani-

305 3034 423 3083 tate,
443 3040 548 3085 cap.
570 3026 749 3082 42-47,
769 3023 797 3081 ξ
828 3026 1004 3071 87-99.
1078 3022 1219 3080 Quae
1247 3022 1433 3083 reliqua
1466 3029 1581 3068 sunt
1608 3020 1708 3068 duo
1739 3021 1980 3068 naturalis

306 3088 620 3137 divinationis
648 3103 844 3149 genera,
863 3103 968 3149 cap.
989 3088 1069 3145 48,
1093 3086 1120 3144 §
1155 3089 1261 3145 100,
1284 3086 1493 3134 alterum
1524 3086 1870 3146 praedictionis
1905 3086 1979 3131 fu-

307 3170 418 3205 rore
449 3153 667 3220 quodam
699 3162 861 3215 natae,
885 3167 982 3215 quo
1015 3151 1167 3201 etiam
1203 3152 1439 3200 librorum
1474 3151 1826 3213 Sibyllinorum
1859 3149 1979 3197 alio-
