2205 3431
231 96 280 185 1⁰1
293 139 323 186 8
673 135 773 183 DE
806 135 1107 184 NATURA
1139 134 1458 183 DEORUM.

227 238 357 308 mal,
396 235 614 293 nullum
660 242 746 292 est
786 235 996 292 animal
1043 235 1473 311 sempiternum.
1557 233 1726 292 XIII.
1814 241 1907 293 32.

227 317 319 387 Et,
346 323 411 373 ut
439 315 577 372 haec
610 316 960 385 omittamuS,
986 322 1180 372 tamen
1209 314 1420 371 animal
1447 313 1668 371 nullum
1697 315 1912 372 inveni-

227 398 273 453 ri
303 404 510 473 potest,
538 396 693 472 quod
722 414 908 472 neque
943 402 1140 451 natum
1180 414 1453 471 umquam
1489 395 1563 450 sit
1597 403 1655 451 et
1688 414 1912 471 semper

227 478 299 533 sit
323 477 601 533 futurum.
673 474 860 533 Omne
890 475 1043 531 enim
1066 474 1276 530 animal
1300 494 1495 531 sensus
1518 473 1704 531 habet.
1776 474 1911 531 Sen-

227 556 300 612 tit
329 556 505 632 igitur
538 562 597 612 et
629 554 813 611 calida
845 561 903 611 θῖ
936 554 1152 629 frigida
1184 562 1242 610 et
1269 553 1459 610 dulcia
1492 561 1550 610 et
1583 573 1773 611 amara
1805 573 1910 611 nec

225 643 418 712 potest
459 633 574 691 ullo
617 653 785 691 sensu
818 633 1068 691 iucunda
1109 633 1363 709 accipere
1405 639 1464 690 et
1501 652 1618 689 non
1657 634 1912 709 accipere

226 714 522 771 contraria.
610 713 670 770 Si
698 714 876 789 igitur
903 713 1216 789 voluptatis
1245 732 1472 770 sensum
1502 713 1672 788 capit,
1698 712 1912 769 doloris

227 795 401 851 etiam
442 794 611 869 capit.
697 793 869 861 Quod
902 800 1095 850 autem
1130 792 1387 850 dolorem
1422 792 1645 868 accipit,
1677 792 1739 849 id
1772 793 1914 849 acci-

226 874 351 950 piat
383 873 557 930 etiam
591 874 886 930 interitum
921 891 1148 929 necesse
1182 879 1284 948 est.
1370 871 1557 930 Omne
1586 872 1764 946 igitur
1796 872 1913 929 ani-

228 953 340 1009 mal
383 952 771 1009 confitendum
814 958 901 1009 θεῖ
943 971 1061 1009 θεεθ
1104 951 1359 1009 mortale.
1445 958 1537 1009 33.
1593 951 1910 1023 Praeterea,

228 1033 277 1088 si
321 1032 461 1109 quid
499 1039 586 1088 est
623 1031 780 1108 quod
812 1051 915 1089 nec
956 1032 1314 1108 voluptatem
1359 1032 1567 1089 sentiat
1608 1050 1713 1088 nec
1755 1031 1913 1088 dolo-

228 1132 365 1181 rem,
389 1112 452 1168 id
481 1111 689 1168 animal
718 1130 837 1169 esse
866 1130 983 1168 non
1004 1119 1231 1188 potest:
1276 1111 1361 1167 sin
1386 1119 1595 1182 autem,
1618 1110 1774 1188 quod
1796 1111 1913 1168 ani-

229 1192 341 1248 mal
372 1199 474 1261 cst,
499 1191 560 1248 id
580 1191 678 1248 illa
706 1209 930 1248 necesse
959 1199 1044 1247 est
1074 1191 1297 1260 sentiat,
1323 1197 1381 1247 et
1404 1191 1560 1268 quod
1589 1211 1652 1248 ea
1682 1191 1910 1262 sentiat,

229 1291 345 1328 non
388 1278 581 1349 potest
622 1290 742 1328 esse
783 1277 1094 1341 aeternum,
1134 1278 1193 1327 et
1236 1290 1404 1328 omne
1447 1271 1657 1328 animal
1701 1271 1909 1327 sentit:

229 1352 449 1409 nullum
484 1352 662 1428 igitur
694 1350 903 1407 animal
939 1358 1232 1407 aeternum
1268 1359 1369 1407 est.
1455 1350 1757 1408 Praeterea
1790 1350 1911 1406 nul-

229 1432 347 1489 lum
370 1438 562 1509 potest
591 1450 709 1488 esse
739 1430 946 1487 animal
971 1430 1028 1486 in
1061 1449 1175 1506 quo
1206 1449 1320 1486 non
1352 1437 1409 1487 et
1437 1431 1719 1507 appetitio
1750 1430 1824 1487 sit
1853 1437 1913 1486 et

230 1512 536 1569 declinatio
564 1510 850 1568 naturalis,
919 1510 1296 1586 Appetuntur
1323 1518 1515 1566 autem
1546 1529 1689 1587 quae
1719 1529 1913 1567 secun-

231 1592 369 1648 dum
412 1599 673 1648 naturam
717 1596 866 1658 sunt,
904 1588 1262 1646 declinantur
1304 1591 1601 1659 contraria,
1639 1597 1698 1647 et
1741 1609 1912 1646 omne

230 1671 438 1729 animal
461 1671 682 1748 appetit
705 1670 980 1747 quaedam
1006 1676 1063 1727 et
1084 1669 1241 1746 fugit
1264 1688 1297 1726 a
1316 1668 1675 1746 quibusdam.
1741 1668 1913 1738 Quod

231 1760 422 1809 autem
450 1752 680 1827 refugit,
701 1751 764 1806 id
784 1758 982 1807 contra
1004 1757 1267 1807 naturam
1290 1758 1393 1821 est,
1416 1757 1474 1807 θῖ
1497 1750 1653 1827 quod
1674 1757 1760 1808 θεῖ
1781 1769 1913 1807 con·

231 1840 320 1889 tra
358 1839 635 1900 naturam,
666 1831 727 1888 id
759 1829 932 1887 habet
965 1830 1079 1886 vim
1116 1829 1516 1888 interimendi:
1563 1850 1732 1887 omne
1775 1849 1912 1907 ergo

233 1910 440 1968 animal
464 1912 703 1967 intereat
731 1928 955 1966 necesse
978 1916 1078 1967 θεῖ.
1161 1915 1251 1967 34.
1292 1909 1739 1967 Innumerabilia
1760 1918 1910 1981 sunt,

233 2011 301 2047 cx
346 1990 552 2066 quibus
585 1988 730 2046 effici
764 1989 1005 2066 cogique
1039 1989 1223 2065 possit
1257 1989 1402 2046 nihil
1439 2009 1558 2047 esse
1603 1990 1760 2067 quod
1793 2009 1916 2047 sen-

234 2091 360 2127 sum
404 2069 608 2126 habeat
651 2069 786 2146 quin
821 2069 883 2127 id
915 2070 1189 2126 intereat:
1237 2069 1449 2126 etenim
1493 2089 1559 2126 ea
1596 2071 1736 2147 ipsa,
1770 2090 1914 2148 quae

234 2150 573 2220 sentiuntur,
602 2156 669 2206 ut
700 2149 898 2225 friguS,
929 2148 1097 2219 calor,
1124 2156 1189 2205 ut
1223 2148 1501 2225 voluptaS,
1526 2149 1707 2221 dolor,
1731 2158 1798 2208 ut
1830 2170 1917 2207 ce-

234 2238 369 2301 tera,
395 2249 526 2287 cum
547 2228 888 2306 amplificata
916 2235 1064 2299 sunt,
1089 2229 1444 2300 interimunt,
1469 2249 1574 2287 nec
1596 2231 1775 2288 ullum
1799 2231 1916 2288 ani-

235 2311 348 2367 mal
383 2316 468 2367 est
502 2310 621 2366 sine
656 2326 854 2365 sensu:
900 2308 1122 2366 nullum
1157 2309 1334 2385 igitur
1368 2310 1578 2367 animal
1621 2318 1915 2368 aeternum

235 2398 336 2448 est.
420 2389 585 2447 XIV.
631 2389 862 2446 Etenim
896 2396 994 2445 aut
1029 2389 1272 2466 simplex
1306 2396 1393 2446 est
1425 2397 1629 2447 natura
1665 2391 1919 2448 animan-

234 2473 326 2541 tis,
359 2479 423 2528 ut
456 2469 542 2527 vel
576 2477 803 2526 terrena
826 2469 901 2526 sit
928 2469 1016 2526 vel
1046 2470 1216 2546 ignca
1244 2470 1331 2526 vel
1361 2470 1624 2527 animalis
1656 2471 1744 2528 vel
1774 2472 1918 2528 umi-

237 2552 324 2621 da,
348 2550 500 2628 quod
527 2550 690 2626 quale
712 2549 786 2606 sit
808 2568 880 2606 ne
902 2549 1159 2626 intellegi
1183 2550 1414 2626 quidem
1438 2557 1645 2627 potest,
1667 2558 1766 2609 aut
1787 2571 1920 2608 con-

236 2639 453 2689 cretum
476 2639 561 2688 est
582 2650 651 2687 ex
672 2629 931 2706 pluribus
952 2629 1186 2700 naturiS,
1209 2649 1448 2707 quarum
1471 2651 1636 2689 suum
1661 2650 1918 2708 quaeque

235 2711 423 2768 locum
460 2710 681 2781 habeat,
713 2730 828 2787 quo
870 2716 1105 2767 naturae
1140 2710 1196 2766 vi
1230 2710 1461 2777 feratur,
1491 2710 1602 2767 alia
1633 2711 1915 2783 infimum,

236 2792 345 2848 alia
372 2810 678 2860 summum,
704 2790 814 2847 alia
841 2789 1114 2846 medium.
1185 2790 1345 2846 Haec
1367 2790 1440 2847 ad
1464 2791 1751 2867 quoddam
1776 2797 1921 2848 tem-

236 2891 343 2948 pus
365 2870 661 2928 cohaerere
684 2875 939 2948 possunt,
961 2888 1186 2946 semper
1208 2876 1400 2926 autem
1418 2870 1576 2927 nullo
1595 2871 1771 2928 modo
1790 2889 1921 2947 pos-

237 2958 403 3008 sunt:
440 2969 663 3006 necesse
693 2956 779 3005 est
800 2949 953 3005 enim
980 2949 1041 3005 in
1071 2969 1235 3006 suum
1262 2969 1518 3027 quaeque
1546 2950 1733 3007 locum
1758 2957 1923 3007 natu·

238 3051 300 3087 ra
326 3029 592 3104 rapiatur.
671 3027 906 3084 Nullum
936 3028 1113 3103 igitur
1140 3029 1351 3085 animal
1380 3038 1466 3086 est
1487 3030 1916 3108 sempiternum.

322 3115 414 3165 35.
460 3108 573 3164 Sed
597 3108 791 3164 omnia
817 3108 1004 3177 vestri,
1024 3106 1222 3178 Balbe,
1244 3109 1429 3165 solent
1449 3110 1523 3166 ad
1544 3110 1771 3186 igneam
1799 3110 1921 3167 vim

240 3190 466 3257 referre,
500 3187 872 3255 Heraclitum,
909 3192 975 3242 ut
1017 3187 1238 3263 opinor,
1272 3196 1588 3265 sequentes»,
1621 3209 1790 3267 quem
1836 3191 1921 3267 ip-
