2205 3431
606 140 744 190 LIB.
773 141 841 200 1.‚
865 139 1020 189 CAP.
1044 140 1405 201 XV.-XV11.‚
1435 139 1463 200 ᾗ
1487 144 1664 191 26-31.
1884 146 1980 193 157

298 240 415 298 Sed
456 240 596 317 quid
635 242 863 298 vetera?
943 239 1021 297 M.
1069 239 1275 297 Crasso
1326 241 1466 317 quid
1510 242 1780 299 acciderit
1828 242 1981 300 vide-

298 340 427 378 mus
468 321 714 377 dirarum
762 320 1202 377 obnuntiatione
1242 320 1515 397 neglecta.
1593 320 1661 377 In
1705 341 1818 398 quo
1860 322 1980 400 Ap-

297 402 445 478 piuS,
477 400 695 476 collega
727 407 875 470 tuus,
905 400 1093 457 bonus
1138 419 1334 476 augur,
1365 408 1432 456 ut
1465 421 1533 457 ex
1568 408 1625 457 te
1661 401 1855 458 audire
1894 421 1980 458 so-

298 480 405 552 le0,
437 499 553 537 non
588 480 725 536 satis
759 480 1000 537 scienter
1041 480 1226 546 virum
1260 479 1477 536 bonum
1512 487 1570 537 et
1604 481 1784 537 civem
1828 500 1981 557 egre·

297 561 460 637 gium
510 578 709 616 censor
753 560 817 617 C.
854 559 1091 616 Ateium
1145 560 1383 630 notavit,
1430 560 1586 636 quod
1635 561 1975 618 ementitum

299 639 554 717 auspicia
586 638 978 696 subscriberet.
1062 639 1239 695 Esto:
1282 639 1460 695 fuerit
1492 639 1601 696 hoc
1636 641 1899 711 censorie,
1932 641 1980 697 si

298 719 589 777 iudicabat
610 719 967 776 ementitum.
1035 718 1121 774 At
1142 718 1284 775 illud
1301 719 1539 776 minime
1560 720 1805 794 auguriS,
1824 720 1982 797 quod

300 799 560 876 ascripsit
589 798 663 855 ob
693 818 817 856 eam
846 817 1073 855 causam
1100 798 1382 875 populum
1405 799 1727 856 Romanum
1758 800 1981 857 calami-

299 886 480 937 tatem
513 878 822 935 maximam
858 878 1088 954 cepisse.
1176 878 1238 935 Si
1272 879 1426 935 enim
1460 898 1526 935 ea
1559 898 1726 936 causa
1758 880 1980 936 calami-

300 959 438 1016 tatis
468 958 601 1029 fuit,
631 977 749 1014 non
783 958 843 1015 in
886 977 954 1014 eo
998 967 1084 1014 est
1118 957 1300 1034 culpa,
1334 959 1431 1035 qui
1466 958 1844 1031 obnuntiavit,
1881 959 1983 1017 sed

301 1040 362 1096 in
390 1057 476 1110 e0,
502 1038 602 1115 qui
628 1056 746 1094 non
774 1038 980 1114 paruit.
1058 1037 1271 1095 Veram
1302 1040 1455 1095 enim
1476 1038 1654 1096 fuisse
1683 1038 1983 1096 obnuntia-

300 1119 539 1189 tionem,
564 1125 630 1174 ut
657 1118 738 1175 ait
765 1118 918 1175 idem
948 1136 1133 1194 augur
1164 1124 1222 1175 et
1255 1137 1468 1189 censor,
1494 1119 1679 1175 exitus
1706 1119 1983 1195 approba-

301 1200 416 1255 vit:
462 1216 605 1275 quae
649 1197 698 1254 si
740 1197 886 1254 falsa
927 1197 1149 1268 fuisset,
1180 1197 1395 1254 nullam
1439 1198 1661 1256 adferre
1701 1198 1983 1274 potuisset

303 1297 532 1336 causam
574 1277 928 1334 calamitatis
1013 1277 1247 1334 Etenim
1290 1277 1461 1348 dirae,
1493 1278 1640 1335 sicut
1672 1285 1858 1335 cetera
1889 1297 1982 1335 au-

303 1358 497 1435 spicia,
534 1363 600 1414 ut
640 1357 850 1426 omina,
880 1362 947 1413 ut
975 1356 1155 1432 signa,
1187 1376 1304 1413 non
1339 1376 1534 1414 causas
1574 1357 1843 1415 adferunt
1884 1377 1983 1414 cur

304 1438 445 1515 quid
478 1436 717 1506 eveniat,
749 1436 849 1493 sed
882 1437 1154 1492 nuntiant
1191 1443 1476 1508 eventura,
1507 1437 1617 1493 nisi
1649 1437 1979 1514 provideris,

306 1524 398 1575 30.
445 1516 502 1573 N
504 1536 578 1573 on
607 1517 787 1592 igitur
813 1515 1179 1573 obnuntiatio
1209 1516 1367 1574 Ateii
1395 1535 1622 1573 causam
1650 1516 1817 1574 finxit
1844 1517 1984 1573 cala-

302 1597 539 1669 mitatiS,
561 1597 660 1654 sed
683 1596 848 1673 signo
872 1595 1098 1652 obiecto
1122 1597 1350 1653 monuit
1371 1595 1637 1653 Crassum
1661 1596 1802 1673 quid
1823 1616 1984 1653 even-

303 1685 499 1736 turum
541 1683 705 1748 esset,
745 1676 857 1734 nisi
890 1676 1145 1734 cavisset.
1232 1675 1322 1734 Ita
1359 1683 1458 1735 aut
1490 1675 1587 1733 illa
1620 1675 1983 1734 obnuntiatio

304 1757 448 1815 nihil
483 1757 662 1814 valuit
694 1764 793 1814 aut
821 1757 885 1826 si,
909 1764 976 1813 ut
1008 1756 1239 1832 Appius
1272 1757 1503 1827 iudicat,
1530 1755 1722 1828 valuit,
1745 1757 1808 1813 id
1836 1757 1984 1814 valu-

305 1838 369 1910 it,
394 1844 460 1895 ut
485 1843 785 1914 peccatum
819 1836 1048 1893 haereat
1075 1856 1194 1894 non
1224 1837 1286 1893 in
1319 1856 1405 1908 eo,
1432 1837 1531 1914 qui
1557 1837 1861 1909 monuerit,
1886 1836 1988 1895 sed

305 1918 367 1975 in
397 1937 482 1986 ec,
509 1917 606 1993 qui
635 1936 752 1973 non
781 1915 1208 1992 obtemperarit.

387 1996 584 2054 XVII.
630 1996 820 2065 Quid?
862 1996 1037 2053 lituus
1064 1996 1173 2053 iste
1200 2002 1402 2067 vester,
1429 1996 1586 2073 quod
1613 1995 1984 2053 clarissimum

306 2084 394 2135 est
415 2077 639 2153 insigne
661 2083 987 2153 auguratUS,
1004 2076 1157 2133 unde
1180 2075 1342 2133 vobis
1364 2083 1450 2132 est
1471 2075 1750 2133 traditus?
1816 2076 1872 2132 N
1876 2095 1984 2133 em-

306 2176 381 2234 pe
410 2176 478 2215 eo
500 2156 780 2220 Romulus
801 2156 1064 2231 regiones
1085 2155 1295 2213 direxit
1315 2162 1459 2226 tum,
1484 2174 1612 2212 cum
1636 2155 1835 2212 urbem
1858 2175 1984 2213 con·

309 2237 475 2294 didit.
560 2235 672 2303 Qui
714 2235 946 2313 quidem
984 2234 1220 2292 Romuli
1251 2235 1446 2305 lituus,
1477 2235 1537 2291 id
1571 2242 1657 2291 est
1691 2235 1985 2292 incurvum

308 2325 368 2374 et
395 2315 600 2374 leniter
630 2336 664 2372 a
697 2333 923 2372 summo
958 2313 1231 2372 inflexum
1261 2314 1547 2385 bacillum,
1574 2315 1729 2391 quod
1763 2315 1834 2371 ab
1868 2316 1991 2371 eius

308 2396 456 2467 litui,
488 2414 602 2473 quo
645 2396 883 2466 canitur,
921 2394 1297 2452 similitudine
1340 2413 1548 2451 nomen
1592 2395 1828 2464 invenit,
1859 2414 1991 2450 cum

311 2477 454 2533 situs
487 2482 634 2533 esset
662 2476 722 2532 in
751 2475 906 2533 curia
934 2474 1235 2546 Saliorum,
1262 2493 1405 2551 quae
1439 2481 1525 2530 est
1551 2474 1612 2530 in
1640 2473 1882 2544 Palatio,
1906 2494 1994 2530 ea-

311 2575 422 2632 que
469 2554 848 2632 deflagrasset,
889 2555 1156 2611 inventus
1205 2563 1292 2612 est
1339 2554 1576 2630 integer.
1664 2559 1755 2610 31.
1801 2553 1991 2621 Quid?

310 2636 509 2693 multis
536 2636 699 2692 annis
726 2643 861 2711 post
888 2635 1202 2692 Romulum
1231 2634 1429 2691 Prisco
1458 2640 1731 2709 regnante
1760 2633 1994 2710 Tarqui-

310 2716 410 2772 nio
454 2715 582 2791 quis
621 2722 877 2772 veterum
911 2715 1255 2790 scriptorum
1288 2733 1406 2771 non
1440 2712 1695 2790 loquitur
1734 2731 1877 2789 quae
1919 2712 1993 2770 sit

312 2795 386 2852 ab
414 2795 561 2853 Atto
592 2794 777 2851 Navio
800 2814 902 2871 per
920 2794 1131 2851 lituum
1160 2794 1458 2871 regionum
1481 2794 1636 2850 facta
1665 2792 1991 2868 discriptio?

314 2875 427 2943 Qui
456 2894 587 2932 cum
608 2882 844 2951 propter
863 2880 1259 2952 paupertatem
1282 2893 1410 2931 sues
1430 2892 1572 2949 puer
1591 2878 1863 2949 pasceret,
1882 2891 1995 2928 una

314 2975 383 3012 ex
410 2955 483 3012 iis
510 2956 717 3012 amissa
743 2955 962 3012 vovisse
992 2954 1217 3025 dicitur,
1239 2953 1286 3009 si
1314 2959 1714 3029 recuperasset,
1739 2971 1907 3008 uvam
1937 2971 1994 3008 se

315 3036 425 3092 deo
455 3035 739 3106 daturum,
764 3053 907 3111 quae
928 3034 1181 3091 maxima
1201 3040 1347 3091 esset
1368 3033 1428 3089 in
1451 3032 1646 3089 vinea:
1681 3033 1874 3108 itaque
1898 3050 1994 3088 sue

316 3116 551 3172 inventa
577 3115 651 3172 ad
678 3114 976 3173 meridiem
999 3121 1262 3191 spectans
1288 3113 1350 3169 in
1379 3112 1544 3169 vinea
1568 3112 1761 3169 media
1788 3111 1996 3167 dicitur

317 3196 658 3265 constitisse,
690 3214 933 3270 cumque
968 3195 1028 3250 in
1064 3200 1336 3270 quattuor
1368 3198 1557 3269 partes
1598 3193 1822 3248 vincam
1858 3190 1998 3246 divi-

499 3276 556 3319 13
