2205 3431
235 102 266 149 7
268 101 299 148 2
677 98 777 148 DE
810 98 1112 148 NATURA
1144 98 1464 149 DEORUM.

233 208 322 257 ter
349 199 596 256 inventis
623 205 806 256 tracta
832 199 977 256 ratio
1008 200 1082 256 sit
1104 199 1177 256 ad
1206 199 1637 257 commenticios
1667 206 1725 257 et
1751 199 1918 258 fictos

234 280 414 337 deos?
465 298 609 356 quae
651 298 739 336 res
779 279 981 355 genuit
1021 278 1195 335 falsas
1245 280 1546 356 opiniones
1588 299 1917 357 erroresque

233 359 594 416 turbulentos
636 365 694 416 et
729 359 1161 434 superstitiones
1194 378 1373 435 paene
1414 359 1606 416 aniles·
1692 360 1770 417 Et
1802 362 1919 418 for-

234 457 360 496 mae
395 439 549 496 enim
583 438 752 495 nobis
785 438 1022 494 deorum
1057 445 1117 495 et
1145 445 1357 495 aetates
1400 446 1457 495 et
1484 440 1723 496 vestitus
1757 460 1918 497 orna-

233 525 441 595 tusque
473 518 601 574 noti
635 523 784 589 sunt,
817 536 1025 594 genera
1058 524 1363 593 praeterea,
1396 519 1678 595 coniugia,
1712 539 1917 596 cogna-

232 599 421 655 tiones
455 597 761 674 omniaque
794 597 1057 654 tradueta
1088 597 1164 654 ad
1196 597 1631 655 similitudinem
1667 599 1917 656 imbecil-

233 678 411 735 litatis
438 677 755 734 humanae:
790 696 924 733 nam
954 683 1015 733 et
1033 676 1379 753 perturbatis
1407 678 1614 735 animis
1641 679 1918 736 inducun-

233 763 364 814 tur:
410 757 733 833 accepimus
766 757 921 813 enim
950 756 1189 813 deorum
1225 757 1585 833 cupiditates,
1611 759 1918 833 aegritudi-

232 856 350 907 neS,
376 836 712 907 iracundiaS,
737 855 842 893 nee
875 854 1026 906 vero,
1057 843 1124 892 ut
1156 835 1384 893 fabulae
1417 837 1628 905 ferunt,
1661 838 1722 894 di
1755 838 1918 895 bellis

233 917 578 993 proeliisque
607 922 924 985 caruerunt,
944 931 1049 973 nee
1079 915 1281 985 solum,
1306 924 1371 973 ut
1399 917 1551 993 apud
1575 917 1914 989 Homerum,

233 1015 365 1070 oum
395 997 541 1053 duos
569 996 850 1052 exercitus
877 996 1192 1052 contrarios
1220 995 1315 1052 alii
1338 995 1397 1052 di
1420 1016 1488 1053 ex
1510 996 1620 1054 alia
1641 1006 1801 1074 parte
1825 998 1918 1054 de-

233 1076 553 1147 fenderent,
576 1075 677 1132 sed
706 1075 896 1147 etiam,
917 1082 983 1132 ut
1004 1094 1134 1132 cum
1158 1075 1396 1146 Titanis,
1416 1083 1483 1132 ut
1505 1095 1633 1133 cum
1659 1076 1919 1153 Giganti-

233 1155 357 1226 bus,
379 1175 480 1212 sua
500 1155 732 1232 propria
751 1155 900 1212 bella
920 1161 1231 1232 gesserunt.
1300 1155 1461 1213 Haec
1484 1164 1542 1213 et
1563 1157 1833 1213 dicuntur
1860 1165 1918 1214 et

234 1236 544 1293 creduntur
565 1235 897 1292 stultissime
919 1242 977 1292 et
993 1234 1164 1311 plena
1181 1241 1314 1291 sunt
1330 1235 1624 1293 futilitatis
1643 1256 1825 1293 summ
1833 1257 1918 1294 ae-

236 1335 344 1392 que
367 1315 629 1373 levitatiS.
702 1314 793 1372 71.
820 1314 935 1372 Sed
955 1322 1148 1372 tamen
1170 1314 1262 1371 his
1282 1315 1494 1372 fabulis
1522 1317 1728 1392 spretis
1750 1336 1814 1373 ac
1836 1337 1919 1374 re-

233 1395 486 1473 pudiatis
508 1395 649 1452 deus
669 1395 962 1471 pertinens
983 1413 1087 1471 per
1106 1401 1368 1451 naturam
1397 1395 1670 1473 cuiusque
1698 1397 1796 1467 rei,
1815 1416 1920 1473 per

233 1484 411 1532 terras
445 1475 631 1546 CereS,
656 1494 760 1551 per
790 1475 971 1532 maria
1003 1474 1327 1551 NeptunuS,
1353 1475 1449 1531 alii
1481 1495 1585 1552 per
1616 1475 1727 1532 alia
1760 1484 1920 1552 pote-

233 1562 369 1612 runt
397 1555 669 1631 intellegi,
693 1555 790 1631 qui
822 1554 1127 1631 qualesque
1157 1554 1273 1611 sint
1302 1574 1530 1632 quoque
1558 1574 1656 1612 eos
1682 1556 1918 1612 nomine

235 1635 588 1692 consuetudo
617 1634 1047 1710 nuncupaverit,
1071 1633 1180 1690 hos
1209 1633 1347 1690 deos
1376 1642 1433 1691 et
1464 1636 1712 1692 venerari
1744 1642 1801 1693 et
1828 1655 1920 1693 co-

234 1714 347 1773 lere
389 1714 679 1773 debemus,
766 1713 970 1773 Cultus
1013 1721 1201 1771 autem
1249 1714 1486 1771 deorum
1531 1722 1617 1772 est
1660 1717 1917 1792 optimus

232 1795 504 1871 idemque
533 1794 882 1852 castissimus
910 1801 1081 1871 atque
1117 1795 1505 1851 sanctissimus
1533 1795 1920 1871 plenissimus-

237 1894 346 1951 que
379 1875 627 1951 pietatiS,
653 1881 719 1931 111,
753 1893 850 1931 eos
885 1893 1109 1950 semper
1141 1893 1299 1950 pura,
1325 1874 1563 1951 integra,
1588 1876 1920 1952 incorrupta

235 1963 294 2011 et
319 1961 514 2011 mente
548 1961 606 2011 et
634 1973 771 2011 voce
800 1972 1148 2011 veneremur.
1234 1953 1368 2010 Non
1404 1955 1558 2011 enim
1587 1955 1919 2032 philosophi

236 2034 438 2105 solum,
463 2052 657 2091 verum
694 2034 866 2091 etiam
900 2034 1147 2090 maiores
1180 2034 1362 2090 nostri
1392 2034 1853 2111 superstitionem
1885 2055 1919 2092 a

235 2113 510 2191 religione
539 2119 955 2190 separaverunt.
1028 2112 1120 2170 72.
1153 2113 1304 2170 Nam
1335 2114 1433 2188 qui
1461 2121 1618 2171 totos
1646 2114 1767 2172 dies
1796 2135 1920 2192 pre-

235 2194 510 2251 cabantur
550 2200 608 2251 et
648 2193 1041 2264 immolabant,
1072 2200 1140 2250 ut
1183 2193 1291 2251 sibi
1334 2194 1421 2250 sui
1454 2194 1619 2251 liberi
1654 2196 1920 2271 supersti-

235 2280 322 2331 tes
364 2280 566 2344 essent,
598 2274 977 2351 superstitiosi
1020 2280 1156 2331 sunt
1197 2273 1482 2351 appellati,
1509 2274 1664 2350 quod
1706 2294 1916 2331 nomen

235 2354 424 2430 patuit
471 2360 672 2431 postea
718 2354 903 2411 latius.
990 2353 1105 2422 Qui
1153 2362 1345 2410 autem
1395 2355 1605 2425 omnia,
1653 2373 1795 2430 quae
1844 2355 1919 2411 ad

236 2434 451 2490 cultum
484 2434 721 2491 deorum
749 2434 1117 2510 pertinerent,
1139 2433 1443 2510 diligenter
1469 2441 1839 2491 retractarent
1861 2441 1920 2491 et

234 2521 528 2591 tamquam
559 2514 888 2590 relegerent,
914 2521 1048 2571 sunt
1077 2513 1217 2571 dicti
1241 2513 1493 2589 religiosi
1522 2533 1587 2587 ex
1621 2513 1920 2589 “relegen-

236 2593 311 2650 do
331 2593 362 2620 '’
401 2588 714 2670 [elegantes
756 2613 824 2650 ex
861 2594 895 2621 ‘⁴
915 2593 1180 2670 eligendo
1200 2591 1279 2670 ’'],
1304 2600 1599 2669 tamquam
1635 2603 1722 2650 ex‘
1741 2595 1775 2620 ‘⁶
1796 2593 1921 2649 dili-

234 2674 424 2747 gendo
444 2673 476 2700 ”
513 2674 834 2750 diligentes,
866 2692 934 2730 ex
970 2673 1409 2749 “intellegendo
1430 2673 1462 2700 ''
1503 2672 1916 2750 intellegentes,

237 2752 347 2808 His
380 2754 534 2810 enim
562 2753 621 2809 in
653 2752 837 2809 verbis
871 2753 1139 2809 omnibus
1167 2754 1317 2809 inest
1345 2753 1430 2808 vis
1458 2753 1687 2829 legendi
1718 2753 1914 2810 eadem

238 2851 381 2908 quae
409 2832 468 2887 in
497 2832 780 2907 religioso·
866 2832 956 2889 Ita
975 2833 1192 2889 factum
1226 2839 1312 2889 est
1346 2833 1403 2888 in
1435 2833 1832 2909 superstitioso
1861 2840 1919 2889 et

235 2911 504 2987 religioso
547 2911 786 2967 alterum
830 2911 957 2968 vitii
997 2930 1228 2980 nomen,
1259 2912 1499 2968 alterum
1542 2913 1743 2970 laudis,
1829 2912 1918 2969 Ae

235 2991 383 3047 mihi
410 2989 608 3047 videor
636 2991 771 3047 satis
800 2997 859 3047 et
887 3010 1006 3048 esse
1036 2991 1175 3049 deos
1204 3000 1261 3047 et
1290 2992 1484 3068 quales
1517 2999 1705 3051 essent
1734 2998 1918 3050 osten-

237 3070 403 3128 disse.

318 3147 546 3207 XXIX.
594 3147 684 3206 73.
711 3148 1047 3207 Proximum
1076 3157 1165 3208 est
1184 3157 1250 3208 ut
1270 3151 1506 3209 doceam
1529 3152 1766 3211 deorum
1790 3173 1917 3229 pro-
