2205 3431
224 113 289 161 80
659 108 758 157 DE
797 108 1098 157 NATURA
1136 106 1458 156 DEORUM.

224 212 485 269 cursione
513 212 791 268 fortuita?
873 210 1004 267 IIoc
1035 210 1134 286 qui
1163 209 1452 265 existimat
1479 206 1600 265 fieri
1628 208 1900 284 potuisse,

223 312 339 349 non
375 292 645 368 intellego
689 308 789 348 cur
830 309 948 346 non
981 289 1136 346 idem
1165 296 1347 365 putet,
1380 289 1428 345 si
1461 288 1904 345 innumerabiles

224 373 393 429 unius
421 380 478 429 et
500 372 705 448 viginti
727 372 948 428 formae
976 369 1291 426 litterarum
1317 368 1403 424 vel
1433 387 1632 425 aureae
1653 368 1741 425 vel
1773 388 1906 445 qua-

166 504 169 507 .
224 452 444 509 leslibet
478 453 669 528 aliquo
704 451 1031 520 coiciantur,
1056 469 1224 525 posse
1259 468 1327 506 ex
1360 448 1451 504 his
1484 449 1543 504 in
1577 455 1782 505 terram
1814 468 1905 505 ex-

223 532 399 589 cussis
432 532 662 589 annales
694 531 886 600 Ennii,
907 536 972 586 ut
1007 529 1277 605 deinceps
1309 528 1423 605 legi
1457 528 1697 604 possint,
1723 527 1901 586 effici:

225 612 381 689 quod
414 613 605 669 nescio
641 631 711 668 an
749 630 819 667 ne
853 611 913 666 in
951 628 1067 665 uno
1105 609 1336 685 quidem
1370 627 1535 665 versu
1568 608 1751 684 possit
1782 615 1902 665 tan-

222 700 349 749 tum
382 692 566 749 valere
607 692 855 748 fortuna.
943 693 1034 747 94.
1073 689 1180 746 Isti
1221 696 1410 746 autem
1457 707 1628 765 quem
1669 688 1744 744 ad
1783 707 1905 745 mo·

223 773 364 829 dum
391 771 740 841 adseverant,
763 790 831 828 ex
854 769 1203 845 corpusculis
1224 788 1341 825 non
1364 768 1569 839 colore,
1589 786 1705 824 non
1730 768 1904 844 quali-

222 858 341 909 tate
374 850 578 928 aliqua,
604 871 775 928 quam
808 852 1064 917 ποιότητα
1099 848 1301 906 Graeci
1338 855 1558 919 vocant,
1583 867 1699 904 non
1734 867 1904 905 sensu

222 931 511 1008 praeditiS,
530 931 630 988 sed
651 929 1119 988 concurrentibus
1140 936 1353 986 temere
1381 935 1553 1004 atque
1581 947 1713 986 casu
1742 947 1904 985 mun-

223 1012 362 1068 dum
385 1030 504 1068 esse
527 1011 864 1087 perfectum,
881 1010 969 1067 vel
988 1008 1430 1066 innumerabiles
1446 1008 1643 1084 potius
1661 1008 1718 1064 in
1743 1009 1902 1065 omni

222 1098 439 1167 puncto
467 1091 745 1166 temporis
771 1091 913 1147 alios
941 1091 1112 1159 nasci,
1137 1089 1278 1146 alios
1306 1089 1574 1146 interire?
1656 1087 1825 1155 Quod
1855 1089 1903 1145 si

222 1171 504 1227 mundum
528 1170 744 1228 efficere
762 1177 955 1247 potest
972 1189 1280 1227 concursus
1300 1176 1643 1238 atomorum,
1661 1187 1760 1224 cur
1776 1188 1905 1244 por·
1929 1205 1932 1208 -

221 1253 418 1322 ticum,
440 1271 539 1308 cur
559 1250 858 1327 templum,
880 1270 980 1307 cur
1006 1250 1263 1319 domum,
1284 1268 1384 1305 cur
1411 1248 1609 1305 urbem
1640 1267 1756 1304 non
1778 1257 1904 1325 pot-

223 1333 346 1389 est?
388 1350 531 1409 quae
574 1338 708 1387 sunt
740 1331 930 1387 minus
964 1349 1204 1406 operosa
1245 1336 1304 1386 et
1335 1328 1521 1384 multo
1556 1328 1785 1404 quidem
1823 1329 1905 1385 fa-

223 1412 433 1470 ciliora.
502 1411 670 1468 Certe
692 1411 776 1468 ita
796 1418 1008 1468 temere
1031 1410 1101 1467 de
1130 1409 1350 1466 mundo
1372 1408 1737 1479 effutiunt,ut
1759 1409 1904 1465 mihi

224 1492 457 1568 quidem
491 1511 803 1568 numquam
833 1491 986 1548 hunc
1020 1489 1414 1547 admirabilem
1450 1488 1589 1546 caeli
1620 1496 1901 1561 ornatum,

224 1572 322 1648 qui
365 1573 522 1629 locus
564 1579 650 1628 est
691 1571 1000 1649 proximuS,
1039 1570 1356 1646 suspexisse
1397 1568 1711 1626 videantur.
1808 1575 1900 1627 95.

222 1652 514 1710 Praeclare
544 1670 680 1728 ergo
705 1650 1075 1708 Aristoteles:
1122 1649 1238 1706 “Si
1268 1648 1502 1706 essent”
1535 1648 1723 1725 inquit
1751 1648 1786 1678 ‘⁶
1805 1650 1905 1726 qui

221 1734 328 1790 'sub
371 1740 521 1790 terra
564 1752 788 1810 semper
832 1731 1241 1789 habitavissent
1281 1730 1450 1787 bonis
1492 1737 1550 1787 et
1592 1730 1905 1787 illustribus

221 1813 544 1883 domiciliis,
578 1832 721 1889 quae
762 1819 951 1869 essent
993 1819 1194 1868 ornata
1234 1810 1413 1887 signis
1455 1817 1625 1887 atque
1667 1810 1905 1887 picturis

221 1894 609 1970 instructaque
644 1892 810 1949 rebus
844 1892 914 1948 iis
957 1891 1242 1963 omnibuS,
1275 1890 1482 1968 quibus
1515 1890 1810 1947 abundant
1844 1890 1902 1962 ii,

224 1974 323 2050 qui
355 1973 510 2030 beati
543 1978 833 2049 putantur,
865 1991 967 2028 nec
1001 1979 1194 2028 tamen
1229 1971 1477 2028 exissent
1509 1990 1784 2048 umquam
1819 1990 1907 2028 su·

221 2073 325 2130 pra
351 2060 577 2123 terram,
602 2052 951 2129 accepissent
980 2059 1173 2109 autem
1194 2052 1352 2108 fama
1380 2058 1438 2108 et
1459 2051 1754 2108 auditione
1784 2070 1904 2108 esse

224 2133 515 2211 quoddam
545 2152 756 2190 numen
786 2141 843 2190 et
873 2133 989 2189 vim
1019 2132 1277 2203 deorum,
1303 2131 1509 2188 deinde
1544 2130 1735 2208 aliquo
1764 2138 1907 2188 tem-

221 2233 359 2290 pore
381 2214 684 2291 patefactis
707 2220 886 2271 terrae
909 2213 1173 2270 faucibus
1202 2231 1268 2269 ex
1294 2211 1405 2269 illis
1434 2211 1646 2268 abditis
1676 2211 1905 2268 sedibus

222 2295 456 2351 evadere
485 2294 544 2350 in
576 2294 712 2351 haec
742 2294 881 2363 loca,
903 2312 1045 2370 quae
1073 2312 1180 2349 nos
1211 2292 1527 2361 incolimuS,
1554 2298 1724 2368 atque
1754 2292 1905 2349 exire

220 2375 575 2451 potuissent:
619 2394 750 2431 cum
779 2381 1012 2450 repente
1040 2381 1249 2431 terram
1279 2381 1338 2430 et
1365 2372 1543 2428 maria
1571 2371 1906 2449 caelumque

219 2455 513 2526 vidissent,
544 2454 784 2511 nubium
828 2454 1285 2531 magnitudinem
1330 2460 1745 2528 ventorumque
1785 2453 1904 2508 vim

219 2535 623 2612 cognovissent
645 2535 1108 2612 aspexissentque
1131 2534 1307 2590 solem
1332 2533 1565 2609 eiusque
1594 2551 1724 2588 cum
1755 2550 1908 2607 mag-

221 2616 543 2672 nitudinem
566 2614 1167 2692 pulchritudinemque
1188 2621 1314 2671 tum
1339 2613 1512 2670 etiam
1542 2612 1906 2669 efficientiam

220 2696 639 2769 cognovissent,
666 2694 820 2772 quod
855 2695 903 2751 is
945 2694 1097 2752 diem
1143 2693 1388 2751 efficeret
1422 2699 1548 2749 toto
1592 2692 1747 2749 caelo
1783 2692 1907 2749 luce

220 2775 447 2845 diffusa,
471 2794 601 2832 cum
631 2784 822 2832 autem
851 2782 1028 2831 terras
1055 2793 1171 2830 nox
1201 2780 1509 2850 opacasset,
1531 2780 1654 2830 tum
1687 2771 1906 2828 caelum

219 2861 410 2910 totum
446 2862 738 2914 cernerent
767 2854 930 2911 astris
961 2853 1300 2910 distinctum
1336 2861 1394 2910 et
1423 2860 1688 2909 ornatum
1721 2851 1907 2908 lunae-

221 2951 333 3010 que
377 2932 658 2988 luminum
693 2934 1019 2990 varietatem
1057 2940 1183 2989 tum
1229 2933 1547 3003 crescentiS‚
1583 2939 1708 2989 tum
1753 2951 1908 2988 sene-

221 3012 447 3082 scentis,
472 3031 780 3088 eorumque
810 3012 1068 3069 omnium
1099 3019 1259 3069 ortus
1293 3019 1350 3069 et
1379 3031 1611 3069 occasus
1646 3019 1818 3089 atque
1847 3012 1907 3068 in

222 3092 381 3147 omni
410 3093 743 3148 aeternitate
770 3100 924 3148 ratos
953 3092 1454 3169 immutabilesque
1488 3110 1716 3150 cursus:
1763 3112 1908 3169 quae

222 3192 350 3231 cuin
377 3172 651 3243 viderent,
667 3172 927 3248 profecto
956 3179 1014 3229 et
1036 3192 1156 3230 esse
1179 3174 1317 3230 deos
1346 3182 1405 3231 et
1424 3172 1562 3231 haec
1586 3181 1750 3232 tanta
1778 3193 1908 3251 ope-
