2205 3431
218 116 283 161 56
665 112 764 160 DE
798 111 1098 161 NATURA
1131 110 1453 160 DEORUM.

220 215 367 272 volo,
454 213 548 272 Sic
576 215 730 271 enim
760 234 848 272 res
876 234 935 271 se
963 213 1153 283 habet,
1179 220 1245 270 ut
1274 213 1482 282 omnia,
1510 231 1653 289 quae
1682 211 1904 269 alantur

220 302 279 352 01
301 314 444 372 quae
466 302 735 365 crescant,
753 294 1086 351 contineant
1108 294 1167 350 in
1192 313 1249 350 se
1271 293 1385 349 vim
1412 292 1628 362 caloriS,
1649 293 1769 349 sine
1794 311 1904 368 qua

220 394 404 451 neque
433 374 506 431 ali
535 381 769 452 possent
797 393 981 450 neque
1010 392 1272 430 crescere.
1358 372 1507 429 Nam
1541 392 1726 442 omne,
1749 372 1903 449 quod

219 462 308 511 est
349 455 598 511 calidum
637 461 695 511 et
737 454 987 530 igneum,
1020 454 1202 510 cietur
1245 459 1303 509 et
1336 453 1527 529 agitur
1572 461 1734 509 motu
1780 472 1901 521 8110,

222 535 378 611 quod
422 543 612 592 autem
659 534 829 590 alitur
871 541 928 590 et
969 533 1186 603 crescit,
1222 541 1386 590 motu
1431 532 1678 609 quodam
1724 532 1905 588 utitur

219 622 377 672 certo
420 622 479 672 et
512 613 810 691 aequabili,
843 613 942 690 qui
985 632 1156 690 quam
1199 612 1299 668 diu
1334 619 1590 669 remanet
1623 612 1682 668 in
1718 611 1901 680 nobis,

219 702 337 752 tam
370 695 471 751 diu
499 713 693 751 sensus
722 700 781 750 et
808 693 927 750 vita
954 699 1225 761 remanet,
1250 692 1585 767 refrigerato
1620 698 1811 748 autem
1848 699 1905 747 et

220 775 503 831 exstincto
538 773 722 830 calore
756 773 1071 830 occidimus
1105 773 1217 849 ipsi
1246 782 1302 831 et
1325 773 1754 849 exstinguimur.
1811 776 1901 827 24.

221 854 392 922 Quod
422 854 653 931 quidem
683 852 989 911 Cleanthes
1017 853 1109 909 his
1136 853 1309 909 etiam
1338 852 1691 927 argumentis
1719 851 1902 919 docet,

220 942 436 1010 quanta
458 934 541 990 vis
562 933 701 990 insit
728 933 931 990 caloris
959 933 1019 989 in
1050 933 1210 989 omni
1239 949 1505 1022 corpore:
1550 939 1721 1007 negat
1751 931 1904 987 enim

224 1014 400 1070 ullum
437 1034 556 1071 esse
591 1013 782 1070 cibum
818 1020 937 1069 tam
971 1032 1221 1089 gravem,
1255 1012 1393 1088 quin
1428 1011 1477 1067 is
1510 1021 1679 1068 nocte
1722 1020 1779 1067 ct
1812 1010 1905 1066 die

220 1101 627 1171 concoquatur,
660 1094 821 1150 cuius
854 1093 1028 1150 etiam
1062 1093 1123 1149 in
1158 1091 1411 1168 reliquiis
1445 1092 1594 1147 inest
1629 1090 1829 1147 calor
1815 1090 1901 1159 1is,

221 1193 362 1250 quas
403 1181 606 1230 natura
645 1173 941 1250 respuerit.
1026 1172 1150 1228 Iam
1185 1192 1317 1229 vero
1352 1190 1528 1228 venae
1571 1177 1629 1227 ct
1669 1170 1906 1227 arteriae

220 1254 429 1310 micare
463 1272 580 1310 non
615 1253 885 1310 desinunt
915 1253 1073 1329 quasi
1105 1252 1352 1328 quodam
1388 1251 1558 1327 igneo
1592 1258 1757 1307 motu
1791 1251 1907 1306 ani-

220 1333 694 1410 madversumque
723 1352 890 1408 saepe
919 1341 1021 1402 est,
1047 1351 1179 1389 cum
1207 1351 1306 1388 001
1332 1330 1641 1387 animantis
1669 1330 1906 1387 alicuius

220 1413 478 1470 evulsum
512 1414 594 1470 ita
627 1413 918 1470 mobiliter
949 1412 1274 1489 palpitaret,
1299 1419 1365 1467 ut
1400 1411 1719 1467 imitaretur
1752 1410 1907 1486 igne-

219 1513 313 1550 am
357 1493 723 1551 celeritatem.
808 1492 996 1550 Omne
1031 1493 1210 1569 igitur
1253 1491 1409 1568 quod
1443 1490 1599 1561 vivit,
1632 1490 1749 1547 sive
1791 1489 1907 1546 ani-

220 1573 334 1630 mal
370 1574 486 1631 sive
529 1581 679 1630 terra
719 1572 956 1642 editum,
987 1572 1049 1629 id
1083 1572 1226 1628 vivit
1259 1578 1495 1648 propter
1528 1570 1807 1629 inclusum
1845 1570 1906 1626 in

219 1673 290 1710 eo
319 1654 580 1711 calorem.
666 1653 753 1710 Ex
784 1672 897 1730 quo
927 1652 1183 1729 intellegi
1211 1651 1385 1708 debet
1414 1670 1540 1707 eam
1575 1650 1779 1707 caloris
1812 1669 1906 1706 na-

220 1741 407 1792 turam
433 1735 547 1792 vim
571 1734 778 1792 habere
801 1735 860 1790 in
891 1753 950 1791 se
973 1732 1201 1790 vitalem
1232 1752 1335 1809 per
1364 1751 1592 1788 omnem
1624 1731 1905 1787 mundum

219 1815 620 1905 pertinentem.
708 1821 800 1871 25.
832 1814 1029 1890 Atque
1072 1813 1134 1869 id
1175 1812 1401 1869 facilius
1442 1831 1737 1869 cernemus
1779 1818 1905 1868 toto

219 1914 425 1971 genere
454 1894 606 1951 1100”
593 1913 780 1970 lgneO,
807 1894 963 1970 quod
991 1900 1180 1950 tranat
1209 1893 1418 1962 omnia,
1441 1890 1705 1948 subtilius
1733 1890 1908 1968 expli-

219 1982 364 2032 cato,
451 1975 667 2032 Omnes
701 1974 878 2050 igitur
911 1982 1100 2051 partes
1138 1972 1670 2048 mundi—tangam
1713 1981 1904 2028 autem

219 2054 776 2111 maximas—calore
809 2053 990 2112 fultae
1033 2053 1418 2110 sustinentur:
1465 2052 1620 2129 quod
1654 2052 1905 2129 primum

221 2135 280 2191 in
322 2142 545 2192 terrena
585 2141 788 2192 natura
828 2133 1075 2211 perspici
1109 2141 1334 2209 potest:
1379 2152 1513 2189 nam
1556 2139 1615 2188 et
1649 2130 1902 2208 lapidum

220 2214 490 2272 conflictu
533 2222 704 2292 atque
736 2214 877 2271 tritu
911 2214 1040 2271 01101
1072 2214 1267 2289 ignem
1302 2212 1563 2269 videmus
1605 2219 1662 2268 et
1696 2212 1907 2268 recenti

219 2294 474 2352 fossione
503 2305 711 2352 terram
739 2295 962 2351 fumare
990 2293 1287 2360 calentem,
1308 2300 1479 2369 atque
1508 2292 1682 2349 etiam
1711 2311 1779 2348 ex
1807 2311 1908 2368 pu-

219 2376 328 2433 teis
361 2375 591 2451 iugibus
624 2393 831 2451 aquam
866 2375 1108 2431 calidam
1144 2373 1310 2443 trahi,
1335 2380 1394 2429 et
1422 2372 1483 2430 id
1512 2372 1758 2429 maxime
1786 2371 1908 2428 fieri

219 2455 578 2531 temporibus
607 2455 877 2526 hiberniS,
903 2454 1060 2532 quod
1087 2473 1300 2529 magna
1328 2454 1412 2509 vis
1439 2460 1621 2509 terrae
1655 2452 1909 2509 cavernis

221 2536 548 2594 continetur
576 2535 778 2592 caloris
807 2554 984 2612 eaque
1013 2535 1203 2591 hieme
1225 2533 1291 2590 fit
1313 2533 1543 2590 densior
1572 2532 1647 2589 ob
1669 2551 1908 2608 eamque

219 2635 447 2673 causam
478 2616 721 2673 calorem
746 2615 984 2672 insitum
1007 2615 1066 2672 in
1090 2614 1254 2671 terris
1283 2613 1542 2670 continet
1563 2612 1755 2670 artiuS.
1828 2612 1904 2669 X.

223 2701 317 2752 26.
356 2695 556 2771 Longa
588 2703 675 2752 est
704 2696 887 2752 oratio
910 2695 1250 2771 multaeque
1284 2694 1535 2751 rationes
1570 2692 1777 2784 quibus
1810 2692 1909 2749 do-

221 2776 336 2834 ceri
365 2777 547 2867 possit
577 2776 785 2846 omnia,
812 2794 956 2852 quae
984 2783 1136 2833 terra
1169 2773 1456 2851 concipiat
1484 2773 1717 2844 semina,
1743 2791 1910 2849 quae·

223 2875 334 2933 que
360 2857 487 2932 ipsa
514 2875 583 2912 ex
613 2875 671 2913 se
700 2863 970 2932 generata
997 2854 1272 2947 stirpibus
1301 2854 1477 2911 infixa
1509 2853 1817 2923 contineat,
1843 2872 1908 2909 03

221 2936 639 3012 temperatione
684 2935 885 2992 caloris
931 2943 989 2992 et
1032 2935 1169 2992 oriri
1212 2942 1270 2991 et
1311 2953 1626 3010 augescere.
1711 2933 1909 3010 Atque

223 3035 402 3092 aquae
431 3015 603 3072 etiam
633 3015 956 3072 admixtum
986 3034 1107 3072 esse
1141 3014 1385 3072 calorem
1416 3014 1668 3092 primum
1696 3013 1818 3090 ipse
1848 3012 1910 3069 li-

225 3115 370 3173 quor
397 3114 575 3171 aquae
605 3095 853 3152 declarat
881 3103 939 3152 et
967 3095 1189 3186 effusio,
1213 3114 1354 3171 quae
1383 3113 1568 3171 neque
1597 3093 1911 3170 conglacia-

223 3182 310 3232 ret
333 3174 645 3249 frigoribus
673 3194 858 3251 neque
888 3175 1016 3232 nive
1039 3175 1357 3251 pruinaque
1379 3180 1781 3244 concresceret,
1797 3173 1909 3231 nisi
