2205 3431
828 119 1261 181 CAP.1x.-X1.,
1286 118 1313 177 ς
1341 122 1511 168 19-25.
1909 119 2001 166 261

332 239 427 279 mo
448 219 608 296 pulsa
630 218 890 276 declinat.
950 218 1099 276 Nam
1121 220 1218 296 qui
1236 227 1427 295 potest
1444 219 1578 296 pelli
1596 218 1705 276 alia
1725 217 1796 276 ab
1815 218 1940 289 alia,
1960 220 2004 276 si

330 300 609 375 gravitate
636 298 899 355 feruntur
931 299 1003 355 ad
1030 298 1498 375 perpendiculum
1536 317 1775 374 corpora
1804 299 2006 355 indivi-

332 380 446 435 dua
477 378 644 435 rectis
671 377 851 448 lineiS,
876 385 941 434 ut
969 378 1219 454 Epicuro
1249 378 1470 454 placet?
1552 379 1821 454 Sequitur
1854 378 2008 435 enim

334 466 412 529 ut,
438 458 485 514 si
513 458 622 514 alia
654 457 724 514 ab
753 457 863 513 alia
894 477 1208 534 numquam
1244 457 1575 533 depellatur,
1607 477 1677 514 ne
1711 458 2010 532 contingat

335 537 566 614 quidem
595 536 704 593 alia
731 536 914 594 aliam.
987 537 1073 592 Ex
1106 556 1219 613 quo
1243 536 1499 607 efficitur,
1525 538 1696 594 etiam
1726 537 1774 592 si
1796 537 1871 593 sit
1892 544 2011 593 ato-

332 637 461 673 mus
489 635 666 693 eaque
695 615 956 686 declinet,
982 615 1264 673 declinare
1294 617 1414 673 sine
1443 635 1623 673 causa.
1711 622 1803 673 23.
1841 616 2009 672 Hanc

334 697 613 773 Epicurus
639 695 917 752 rationem
944 695 1173 751 induxit
1196 695 1270 752 ob
1300 715 1424 751 eam
1454 715 1589 766 rem,
1616 696 1772 772 quod
1799 697 2010 752 veritus

334 784 420 832 est
451 795 540 846 ne,
572 776 621 831 si
653 794 875 850 semper
916 782 1143 831 atomus
1175 775 1452 851 gravitate
1485 775 1729 832 ferretur
1766 774 2010 831 naturali

335 875 398 912 ac
432 854 758 924 necessaria,
784 854 927 910 nihil
956 853 1197 910 liberum
1232 853 1398 910 nobis
1432 861 1593 925 esset,
1619 873 1750 910 cum
1777 855 1860 910 ita
1891 873 2013 909 mo-

333 942 557 991 veretur
597 933 836 1003 3111111113,
873 940 939 990 ut
971 941 1296 990 atomorum
1338 941 1502 990 motu
1543 941 1853 1009 cogeretur.
1940 933 2012 989 Id

333 1014 700 1070 Democritus
734 1020 930 1069 auctor
962 1020 1285 1069 atomorum
1316 1013 1568 1088 accipere
1596 1013 1800 1070 maluit
1825 1032 2013 1069 neces-

335 1095 500 1150 sitate
531 1093 723 1149 omnia
749 1091 871 1149 fieri
900 1112 1071 1168 quam
1100 1111 1134 1149 3
1161 1091 1494 1168 corporibus
1514 1092 1825 1169 individuis
1852 1099 2013 1148 natu-

334 1173 476 1230 rales
505 1179 696 1229 motus
725 1170 977 1229 avellere.

414 1252 520 1309 XI.
564 1251 810 1308 Acutius
837 1251 1173 1322 CarneadeS,
1206 1251 1305 1327 qui
1339 1251 1580 1308 docebat
1611 1270 1778 1327 posse
1808 1251 2013 1327 Epicu-

335 1351 460 1388 reos
489 1351 649 1387 suam
677 1350 902 1387 causam
933 1332 1051 1387 sine
1073 1331 1180 1387 hac
1208 1331 1609 1387 commenticia
1635 1331 2013 1387 declinatione

336 1411 656 1468 defendere.
742 1410 892 1466 Nam
927 1430 1056 1466 cum
1093 1411 1323 1467 doceret
1358 1430 1476 1466 csse
1519 1429 1684 1486 posse
1728 1410 2012 1486 quendam

335 1491 513 1547 animi
554 1496 778 1546 motum
820 1489 1221 1559 voluntarium,
1265 1489 1328 1545 id
1371 1490 1487 1546 fuit
1530 1490 1763 1546 defendi
1811 1489 2013 1545 melius

338 1590 508 1646 quam
556 1570 916 1626 introducere
965 1569 1422 1639 declinationem,
1468 1570 1627 1626 cuius
1680 1569 2012 1645 praesertim

337 1670 367 1706 c
386 1669 562 1706 tusam
607 1650 848 1726 reperire
893 1668 1007 1704 non
1053 1656 1310 1725 possunt.
1396 1648 1524 1717 Quo
1567 1649 1803 1705 defenso
1845 1648 2013 1705 facile

337 1730 662 1805 Chrysippo
697 1736 928 1805 possent
969 1729 1243 1785 resistere.
1329 1728 1477 1785 Cum
1519 1730 1671 1786 enim
1714 1729 2014 1785 concessis-

338 1817 463 1866 smt
491 1816 714 1866 motum
743 1808 962 1865 nullum
992 1828 1112 1865 esse
1141 1808 1261 1865 sine
1290 1828 1471 1879 causa,
1496 1828 1611 1865 non
1641 1809 2014 1866 concederent

339 1890 548 1959 omnia,
574 1907 716 1965 quae
745 1887 959 1958 fierent,
983 1887 1105 1945 fieri
1134 1889 1316 1945 causis
1345 1888 1825 1946 antecedentibus
1898 1888 2016 1947 Vo-

339 1968 574 2025 luntatis
619 1968 773 2025 enim
816 1975 1043 2025 nostrae
1087 1987 1205 2024 non
1251 1988 1370 2025 esse
1416 1988 1610 2025 causas
1654 1975 1913 2025 externas
1957 1976 2015 2025 et

339 2048 750 2105 antecedentes
816 2052 908 2105 24.
940 2047 1250 2104 Communi
1272 2049 1449 2124 igitur
1476 2049 1885 2106 consuetudine
1909 2068 2017 2105 ser-

339 2128 526 2184 monis
555 2127 857 2196 abutimur,
883 2146 1013 2183 cum
1041 2128 1125 2183 ita
1145 2128 1404 2198 dicimuS,
1425 2127 1566 2184 velle
1588 2128 1803 2204 aliquid
1825 2148 2017 2204 quem-

340 2208 495 2284 piam
529 2214 627 2264 aut
655 2205 805 2263 nolle
840 2207 959 2263 sine
993 2225 1174 2263 causa.
1260 2206 1351 2263 Ita
1384 2207 1536 2264 enim
1566 2207 1813 2264 dicimus
1842 2209 1875 2235 “
1895 2209 2015 2264 sine

341 2287 559 2356 causa,''
583 2293 648 2343 ut
670 2286 924 2342 dicamus
954 2286 1075 2343 sine
1105 2294 1335 2343 externa
1362 2293 1419 2343 et
1442 2287 1809 2344 antecedente
1831 2307 2013 2357 causa,

341 2386 456 2423 non
487 2367 606 2422 sine
635 2365 837 2442 aliqua.
909 2365 1012 2436 Ut,
1038 2385 1169 2423 cum
1191 2385 1289 2423 vas
1316 2367 1484 2424 inane
1514 2367 1773 2436 dicimuS,
1798 2387 1912 2423 non
1937 2368 2018 2423 ita

341 2446 643 2522 loquimur,
668 2453 733 2502 ut
766 2446 1008 2521 physici,
1041 2446 1248 2522 quibus
1281 2447 1450 2503 inane
1484 2466 1601 2503 esse
1635 2446 1778 2503 nihil
1811 2446 2014 2523 placet,

343 2526 444 2582 sed
469 2527 565 2597 ita,
590 2532 657 2582 ut
683 2525 841 2582 verbi
875 2545 1040 2582 causa
1075 2527 1196 2583 sine
1230 2545 1391 2603 aqua,
1418 2527 1538 2582 sine
1566 2526 1717 2597 vin0,
1743 2527 1862 2584 sine
1892 2526 2017 2583 oleo

343 2625 439 2662 vas
467 2625 586 2663 esse
615 2606 886 2676 dicamUS,
914 2606 1008 2677 sic,
1034 2625 1165 2662 cum
1189 2607 1309 2663 sine
1338 2625 1505 2662 causa
1526 2606 1779 2661 animum
1802 2605 2018 2662 moveri

344 2686 603 2756 dicimus,
640 2686 761 2742 sine
803 2686 1172 2743 antecedente
1214 2692 1272 2742 et
1306 2692 1537 2742 externa
1576 2704 1743 2742 causa
1781 2685 2015 2754 moveri,

344 2784 457 2821 non
489 2766 724 2822 omnino
754 2766 874 2822 sine
903 2784 1069 2822 causa
1091 2766 1348 2822 dicimus.
1420 2765 1510 2821 De
1534 2765 1656 2841 ipsa
1683 2772 1875 2821 atomo
1905 2764 2020 2821 dici

344 2852 550 2921 potest,
576 2864 705 2901 cum
727 2865 830 2922 per
857 2845 1023 2901 inane
1051 2856 1346 2901 moveatur
1367 2844 1640 2920 gravitate
1670 2852 1728 2901 et
1750 2844 2016 2920 pondere,

345 2926 465 2982 sine
499 2945 667 2982 causa
698 2925 930 2995 moveri,
958 2925 1090 3000 quia
1118 2924 1271 2980 nulla
1304 2944 1470 2980 causa
1498 2924 1727 2980 accedat
1754 2925 2020 2981 extrinse-

345 3025 458 3062 3113.
545 3012 638 3062 25.
683 3004 899 3061 Rursus
933 3011 1141 3073 autem,
1171 3023 1243 3060 ne
1278 3022 1475 3060 omnes
1509 3004 1731 3079 physici
1765 3023 1871 3059 nos
1905 3003 2020 3059 irri-

346 3086 534 3154 deant,
565 3085 613 3141 si
646 3085 901 3141 dicamus
944 3084 1246 3161 quicquam
1283 3082 1404 3140 fieri
1446 3084 1566 3139 sine
1607 3103 1788 3151 causa,
1826 3083 2019 3138 distin-

346 3165 639 3239 guendum
674 3170 759 3220 est
792 3170 850 3220 et
882 3164 964 3221 ita
995 3163 1318 3232 dicendum,
1349 3162 1528 3238 ipsius
1560 3162 1843 3219 individui
1878 3162 2018 3219 hano
