2205 3431
573 124 710 173 Lm.
739 123 833 184 11.²
863 124 1022 173 CAP.
1049 124 1369 184 L111.-Lv.‚
1400 123 1427 182 ς
1461 126 1704 173 131-137.
1920 126 2014 171 95·

307 245 419 283 ore.
505 224 564 281 Is
597 233 836 316 utraque
878 245 948 282 ex
980 231 1142 301 parte
1175 224 1432 281 tonsillas
1472 225 1761 301 attingens
1793 224 1985 301 palato

306 313 561 362 ext-remo
603 312 775 381 atque
808 305 1016 362 intimo
1057 304 1411 361 terminatur.
1494 304 1739 381 Atque
1724 325 1773 361 1s
1814 305 1990 397 agita-

306 386 464 442 tione
499 392 556 443 et
584 384 838 475 motibus
866 384 1093 475 linguae
1128 403 1260 441 cum
1288 383 1589 460 depulsum
1619 393 1677 441 et
1705 386 1867 461 quasi
1893 384 1989 442 de-

306 472 527 522 trusum
557 464 749 521 cibum
779 465 1016 541 accepit,
1040 464 1293 540 depellit.
1362 463 1551 540 Ipsius
1579 471 1768 521 autem
1798 472 1989 541 partes

306 564 420 615 eae,
447 563 590 621 quae
633 551 767 601 sunt
807 544 960 600 infra
1001 563 1172 620 quam
1214 544 1292 613 id,
1318 544 1475 620 quod
1507 544 1826 614 devoratur,
1852 543 1990 600 dila-

305 631 516 694 tantur,
550 643 694 701 quae
735 632 926 681 autem
970 643 1155 700 supra,
1188 623 1615 681 contrahuntur.
1704 629 1835 680 136.
1874 623 1989 681 Sed

306 723 437 761 cum
461 723 659 780 aspera
685 704 1049 760 arteria—sic
1078 703 1233 760 enim
1262 723 1297 759 a
1323 704 1562 761 medicis
1590 703 1990 781 appellatur-

307 783 521 840 ostium
548 783 756 840 habeat
783 783 1115 840 adiunctum
1140 783 1367 859 linguae
1395 784 1681 841 radicibus
1701 784 1873 861 paulo
1902 803 1992 840 su-

306 882 424 939 pra,
451 883 622 940 quam
665 863 739 920 ad
779 863 1034 940 linguam
1077 863 1407 920 Stomachus
1447 864 1785 934 adnectitur,
1811 882 1990 941 eaque

307 943 380 999 ad
421 943 723 1019 pulmones
765 962 943 1020 usque
984 943 1269 1035 pertineat
1310 943 1669 1019 excipiatque
1716 944 1988 1014 animam,

307 1042 432 1079 eam
470 1042 612 1100 quae
647 1023 820 1081 ducta
853 1029 940 1080 est
973 1023 1197 1100 spirita,
1228 1027 1583 1104 eandemque
1632 1048 1667 1084 a
1713 1027 1997 1117 pulmoni-

307 1102 415 1159 bus
443 1104 682 1179 respiret
714 1111 772 1160 et
799 1102 1016 1174 reddat,
1040 1104 1257 1179 tegitur
1290 1104 1539 1180 quodam
1570 1105 1729 1181 quasi
1759 1099 1996 1182 opereu-r

309 1181 382 1251 10,
405 1184 561 1259 quod
583 1183 657 1240 ob
680 1202 806 1240 eam
828 1202 1054 1240 causam
1084 1183 1285 1240 datum
1308 1190 1411 1254 est,
1430 1203 1520 1254 ne,
1542 1184 1589 1241 si
1613 1185 1788 1262 quid
1773 1204 1833 1241 1n
1863 1204 1988 1242 eam

309 1226 424 1320 cibi
454 1263 604 1320 forte
638 1263 949 1334 incidisset,
974 1263 1210 1340 spiritus
1242 1264 1630 1339 impediretur.
1716 1264 1830 1321 Sed
1858 1284 1990 1322 cum

309 1342 421 1399 alvi
449 1350 653 1400 natura
680 1343 935 1400 Subiecta
968 1343 1267 1400 stomacho
1296 1342 1410 1400 cibi
1439 1351 1497 1401 et
1525 1345 1780 1421 potionis
1809 1345 1883 1401 sit
1909 1364 1993 1401 re-

309 1423 685 1499 ceptaculum,
709 1422 1012 1499 pulmones
1045 1432 1237 1480 autem
1267 1429 1326 1480 et
1359 1442 1457 1480 eor
1489 1424 1840 1481 extrinsecus
1882 1425 1991 1501 spi-

310 1503 487 1560 ritum
521 1503 750 1573 ducant,
774 1502 834 1559 in
868 1502 995 1559 alvo
1029 1502 1213 1559 multa
1245 1509 1379 1560 sunt
1405 1503 1742 1560 mirabiliter
1769 1505 1989 1574 effecta,

313 1602 457 1659 quae
490 1590 715 1640 constat
742 1583 861 1640 fere
890 1602 922 1640 e
955 1583 1159 1639 nervis,
1244 1582 1350 1640 Est
1377 1591 1570 1641 autem
1603 1583 1904 1660 multiplex
1934 1590 1993 1641 et

311 1669 570 1721 tortuosa
611 1670 876 1740 arcetque
917 1669 976 1722 et
1013 1663 1288 1734 continet,
1314 1662 1431 1722 sive
1465 1663 1606 1721 illud
1641 1664 1864 1722 aridum
1907 1670 1993 1722 est

312 1743 430 1801 sive
463 1743 723 1800 umidum
761 1743 918 1820 quod
945 1745 1165 1822 recipit,
1191 1752 1258 1802 ut
1285 1744 1345 1802 id
1374 1745 1584 1802 mutari
1620 1752 1678 1801 et
1711 1745 1993 1822 concoqui

311 1823 510 1900 possit,
548 1842 725 1900 eaque
764 1831 892 1880 tum
934 1825 1287 1901 astringitur,
1320 1832 1447 1882 tum
1489 1825 1786 1895 relaxatur,
1823 1833 1992 1901 atque

313 1912 483 1960 omne
513 1904 669 1980 quod
697 1903 904 1980 accipit
933 1906 1090 1979 cogit
1118 1913 1177 1961 et
1204 1905 1527 1976 confundit,
1547 1911 1614 1962 ut
1635 1905 1801 1962 facile
1829 1912 1887 1961 et
1908 1923 1995 1961 ca-

313 1983 446 2054 lore,
480 2002 650 2060 quem
692 1982 942 2041 multum
980 1983 1173 2056 habet,
1204 1991 1263 2042 et
1296 1985 1532 2042 terendo
1576 1985 1704 2042 cibo
1747 1992 1806 2042 et
1838 2004 1995 2061 prae-

313 2071 468 2121 terea
495 2063 700 2140 spiritu
729 2064 924 2120 omnia
949 2071 1113 2121 cocta
1140 2072 1311 2141 atque
1340 2066 1603 2123 confecta
1624 2065 1682 2121 in
1711 2065 1994 2142 reliquum

314 2162 522 2220 corpus
550 2143 892 2201 dividantur.
968 2143 1091 2202 LV.
1131 2144 1198 2201 In
1227 2144 1598 2221 pulmonibus
1626 2152 1817 2202 autem
1845 2146 1995 2201 inest

314 2224 514 2280 raritas
548 2223 828 2300 quaedam
861 2230 921 2298 et
953 2223 1232 2281 adsimilis
1274 2225 1532 2302 spongiis
1571 2224 1880 2282 mollitudo
1922 2224 1995 2281 ad

314 2302 693 2360 hauriendum
728 2303 992 2380 spiritum
1034 2304 1350 2381 aptissima,
1375 2305 1475 2382 qui
1507 2311 1633 2361 tum
1677 2323 1735 2360 se
1777 2311 1997 2361 contra-

314 2382 463 2440 hunt
484 2382 812 2460 aspiranteS,
832 2390 957 2440 tum
980 2383 1041 2439 in
1068 2403 1249 2461 respn
1250 2392 1347 2442 atu
1370 2384 1628 2455 dilatant,
1648 2391 1715 2441 ut
1735 2384 1997 2461 frequen-

316 2469 403 2520 ter
430 2462 673 2520 ducatur
700 2462 862 2520 cibus
888 2463 1166 2534 animaliS,
1192 2484 1307 2541 quo
1339 2464 1587 2522 maxime
1621 2463 1850 2521 aluntur
1881 2463 1998 2520 ani-

315 2550 553 2599 mantes,
634 2543 765 2600 1:37.
802 2543 889 2600 Ex
918 2543 1206 2601 intestinis
1233 2550 1424 2602 autem
1455 2538 1540 2617 [et
1567 2541 1719 2620 alvo]
1751 2551 1998 2600 secretus

317 2642 352 2678 a
371 2622 589 2699 reliquo
612 2622 742 2679 cibo
765 2642 932 2681 sucus
954 2623 1017 2694 is,
1035 2643 1151 2700 quo
1179 2623 1401 2695 alimur,
1415 2631 1712 2701 permanat
1733 2624 1839 2680 ad
1824 2642 1995 2694 lecur,

316 2721 420 2778 per
448 2702 722 2779 quasdam
751 2722 785 2759 a
810 2703 1003 2760 medio
1024 2704 1300 2761 intestino
1329 2723 1507 2781 usque
1537 2704 1608 2761 ad
1632 2710 1827 2781 portas
1853 2704 1999 2761 ieco-

317 2782 558 2839 ris—sic
580 2782 733 2839 enim
756 2783 1329 2859 appellant—-ductas
1357 2792 1414 2841 et
1435 2783 1677 2842 directas
1699 2784 1833 2854 viaS,
1854 2803 1998 2860 quae

319 2861 609 2939 pertinent
631 2862 740 2919 ad
726 2882 880 2920 iecur
901 2863 1066 2941 eique
1087 2863 1413 2922 adhaerent.
1485 2863 1681 2941 Atque
1701 2863 1835 2921 inde
1857 2864 1999 2920 aliae

399 2942 788 3018 .pertinentes
816 2949 967 3014 sunt,
990 2963 1092 3020 per
1121 2963 1261 3021 quas
1288 2943 1443 3001 cadit
1463 2944 1624 3000 cibus
1652 2963 1685 3000 a
1707 2944 1889 3001 iecore
1918 2944 2000 3000 di-

319 2985 527 3096 lapsuS.
598 3021 695 3078 Ab
725 3042 792 3079 eo
821 3022 951 3080 cibo
980 3042 1112 3081 cum
1140 3031 1228 3081 est
1249 3031 1462 3081 secreta
1488 3023 1619 3080 bilis
1647 3024 1812 3100 eique
1840 3043 2000 3080 umo-

320 3119 426 3170 reS‚
449 3101 546 3175 qui
576 3120 606 3158 e
634 3102 864 3159 renibus
890 3103 1336 3179 profunduntur,
1356 3103 1573 3180 reliqua
1600 3123 1659 3160 se
1686 3104 1747 3160 in
1777 3104 1999 3179 sangui-

321 3199 455 3237 nem
484 3189 714 3239 veitunt
742 3183 814 3239 ad
847 3183 1188 3258 easdemque
1221 3191 1416 3259 portas
1448 3203 1601 3240 iecor
1604 3204 1651 3239 1S
1684 3182 1996 3242 confluunt.
