2205 3431
773 147 928 196 cAr.
952 147 1129 206 v111.,
1151 146 1265 205 IX„
1289 145 1317 204 ς
1344 146 1517 200 15-19.
1880 146 1975 192 259

298 250 443 307 veris
486 252 545 305 in
580 248 724 304 falsa
764 267 831 304 ea
862 267 1045 324 posse,
1083 265 1227 322 quae
1267 247 1463 302 futura
1504 251 1653 315 sunt,
1686 264 1856 321 quam
1890 265 1972 317 ea,

297 349 441 407 quae
481 329 636 385 facta
676 331 824 398 sunt,
862 327 962 384 sed
1003 327 1063 383 in
1105 326 1274 383 factis
1314 324 1838 382 immutabilitatem
1881 345 1975 402 ap-

295 428 507 486 parere,
538 408 599 464 in
633 407 844 464 futuris
879 406 1237 483 quibusdam,
1270 405 1405 482 quia
1436 424 1553 461 non
1587 411 1872 481 appareat,
1903 425 1974 462 ne

296 491 478 546 inesse
513 483 744 565 quidem
774 487 970 556 videri,
996 494 1061 543 ut
1091 486 1153 542 in
1188 505 1273 556 eo,
1307 485 1404 560 qui
1436 484 1735 541 mortifero
1769 485 1972 541 morbo

295 574 579 644 urgeatur,
611 587 806 641 verum
842 567 916 623 sit
951 566 984 592 ‘⁶
1006 566 1119 622 Hic
1162 566 1436 622 morietur
1468 563 1578 620 hoc
1618 563 1877 635 morbo,''
1913 572 1973 621 at

294 649 404 705 hoc
448 647 602 704 idem
647 648 697 706 si
739 666 868 704 vere
913 645 1136 703 dicatur
1177 645 1238 701 iu
1283 664 1368 716 eo,
1408 644 1470 700 in
1512 663 1626 720 quo
1660 644 1745 701 vis
1785 644 1972 701 morbi

294 735 455 785 tanta
496 746 612 783 non
646 731 930 803 appareat,
961 725 1142 781 nihilo
1184 724 1374 780 minus
1405 724 1665 781 futurum
1708 724 1798 781 sit.
1883 723 1973 781 Ita

295 807 360 864 fit
399 814 466 864 ut
510 806 885 863 commutatio
931 825 1000 862 ex
1043 824 1177 862 vero
1219 805 1280 861 in
1312 804 1523 860 falsum
1566 823 1639 861 ne
1678 803 1739 860 in
1772 803 1970 860 futuro

296 887 529 963 quidem
570 886 686 943 ulla
724 885 846 943 fieri
888 885 1084 961 possit.
1170 884 1322 941 Nam
1358 883 1689 940 “Morietur
1720 883 1915 960 Scipio
1935 883 1969 910 ’²

293 966 467 1023 talem
504 966 617 1023 vim
650 965 840 1036 habet,
877 972 957 1036 ut,
995 983 1340 1041 quamquam
1385 963 1456 1021 de
1499 964 1699 1021 futuro
1744 964 1968 1033 dicitur,

293 1054 488 1103 tamen
529 1052 594 1102 ut
626 1045 688 1103 id
727 1065 844 1102 non
878 1046 1062 1120 possit
1102 1051 1429 1102 convertere
1468 1043 1530 1100 in
1571 1043 1796 1100 falsum.
1880 1042 1971 1100 Dc

294 1126 528 1182 homine
563 1125 714 1182 enim
745 1125 970 1195 dicitur,
995 1125 1089 1182 cui
1116 1142 1342 1181 necesse
1376 1130 1462 1180 est
1487 1123 1651 1180 mori.
1741 1129 1830 1179 18.
1877 1123 1971 1180 Sic

296 1205 343 1261 si
378 1205 658 1262 diceretur
693 1204 726 1234 ‘⁴
747 1204 1023 1261 Morietur
1054 1211 1229 1261 noctu
1259 1204 1316 1259 in
1353 1202 1615 1260 cubiculo
1650 1222 1754 1259 suo
1788 1202 1844 1259 vi
1874 1222 1972 1279 op-

294 1304 519 1362 pressus
554 1283 802 1360 Scipi0,”
834 1303 963 1341 vere
995 1284 1294 1341 diceretur.
1378 1282 1450 1340 Id
1479 1283 1632 1339 enim
1665 1282 1791 1339 fore
1824 1282 1973 1339 dice-

296 1371 464 1435 retur,
491 1364 647 1440 quod
675 1370 822 1421 esset
848 1365 1144 1420 futurum:
1188 1363 1447 1419 futurum
1477 1368 1669 1418 autem
1696 1362 1873 1419 fuisse
1902 1381 1970 1418 ex

295 1464 380 1515 80,
407 1444 540 1520 quia
566 1444 784 1501 factum
813 1450 914 1515 est,
940 1443 1196 1518 intellegi
1222 1441 1407 1499 debet.
1491 1441 1613 1499 Nec
1641 1441 1825 1518 magis
1852 1448 1971 1498 erat

294 1543 491 1580 verum
549 1522 876 1580 “Morietur
933 1522 1129 1599 Scipio
1148 1521 1181 1549 ’'
1246 1541 1417 1598 quam
1474 1520 1804 1578 “Morietur
1870 1520 1970 1577 illo

293 1602 526 1674 modo,''
577 1622 680 1660 nec
728 1604 912 1680 magis
959 1621 1185 1659 11888888
1232 1601 1382 1659 111011
1426 1601 1752 1677 Scipionem
1799 1620 1969 1677 quam

294 1682 393 1740 illo
434 1683 611 1740 modo
652 1683 816 1755 mori,
857 1701 961 1740 nec
1001 1682 1187 1759 magis
1232 1680 1588 1739 immutabile
1633 1700 1701 1738 ex
1734 1699 1867 1738 vero
1908 1682 1969 1738 111

294 1763 504 1820 falsum
563 1763 863 1821 “Necatus
923 1771 1009 1820 est
1069 1763 1265 1838 Scipio
1284 1761 1317 1789 ''
1376 1781 1549 1838 quam
1606 1760 1639 1788 “
1659 1760 1973 1818 Necabitur

296 1842 544 1919 Scipi0,'’
577 1863 696 1912 nec,
727 1863 858 1901 cum
885 1842 1024 1901 haec
1053 1842 1136 1900 ita
1164 1842 1293 1913 sint,
1325 1849 1412 1899 est
1440 1861 1606 1899 causa
1639 1861 1739 1898 cur
1765 1841 1972 1918 Epicu-

294 1943 390 1980 rus
422 1923 609 1980 fatum
643 1923 974 1979 extimescat
1007 1929 1064 1980 et
1097 1922 1169 1979 ab
1204 1922 1411 1979 atomis
1438 1929 1596 1998 petat
1624 1920 1970 1998 praesidium

295 2021 500 2079 easque
541 2003 614 2059 de
647 2003 739 2059 via
771 2002 1015 2060 deducat
1048 2008 1107 2060 et
1139 2022 1255 2058 uno
1288 2009 1547 2078 tempore
1581 2001 1851 2077 suscipiat
1885 2021 1973 2058 res

295 2083 434 2139 duas
468 2082 872 2152 inenodabileS,
903 2101 1094 2151 unam,
1128 2089 1193 2138 ut
1226 2082 1346 2138 sine
1388 2100 1554 2137 causa
1593 2080 1695 2137 fiat
1736 2081 1969 2157 aliquid,

295 2181 363 2219 ex
394 2181 507 2239 quo
541 2163 775 2219 exsistet
801 2169 867 2219 ut
895 2162 967 2218 de
1000 2161 1182 2218 nihilo
1218 2161 1513 2237 quippiam
1543 2159 1658 2230 fiat,
1685 2161 1841 2237 quod
1869 2180 1973 2217 1188

294 2242 405 2318 ipsi
449 2261 553 2298 nec
597 2242 861 2317 cuiquam
905 2240 1146 2317 physico
1190 2239 1391 2316 placet,
1433 2239 1683 2310 alteram,
1723 2246 1805 2310 ut,
1842 2259 1973 2297 cum

295 2322 410 2378 duo
438 2321 737 2377 individua
762 2340 864 2397 per
890 2321 1227 2377 inanitatem
1258 2321 1529 2387 ferantur,
1554 2319 1794 2376 alterum
1829 2338 1859 2377 e
1893 2339 1975 2376 re-

293 2401 466 2477 gione
506 2407 818 2470 moveatur,
849 2400 1086 2457 alterum
1132 2400 1393 2456 declinet.
1482 2404 1572 2456 19.
1617 2398 1777 2456 Licet
1819 2399 1972 2456 enim

294 2480 542 2556 Epicuro
572 2480 907 2537 concedenti
936 2499 1106 2537 omne
1135 2479 1494 2536 enuntiatum
1522 2485 1622 2535 aut
1649 2498 1846 2535 verum
1876 2486 1974 2535 aut

293 2560 501 2617 falsum
547 2579 666 2617 csse
708 2578 825 2616 non
869 2561 1045 2617 vereri
1085 2578 1158 2615 ne
1203 2559 1396 2615 omnia
1437 2560 1559 2615 fato
1602 2557 1723 2614 fieri
1766 2558 1840 2615 sit
1881 2577 1976 2614 ne-

294 2657 480 2696 cesse:
525 2658 640 2695 non
676 2639 829 2694 enim
864 2659 931 2696 ex
967 2639 1209 2696 aeternis
1243 2640 1426 2695 causis
1459 2658 1492 2695 a
1520 2649 1752 2695 naturae
1785 2657 1975 2694 neces-

294 2719 460 2776 sitate
492 2717 858 2775 manantibus
890 2738 1085 2775 verum
1122 2724 1208 2775 cst
1239 2718 1318 2788 id,
1350 2718 1504 2795 quod
1533 2718 1613 2774 ita
1645 2718 1975 2774 enuntiatur

295 2797 661 2855 “Descendit
703 2798 763 2853 in
797 2798 1170 2854 Academiam
1216 2797 1589 2868 CarneadeS,''
1632 2817 1736 2854 nec
1780 2804 1971 2854 tamen

294 2878 414 2935 sine
457 2878 655 2947 8811818,
694 2877 794 2933 88(1
834 2878 1069 2934 interest
1110 2877 1259 2933 inter
1300 2896 1495 2933 causas
1535 2877 1778 2934 fortuito
1820 2882 1973 2933 ante-

291 2977 510 3034 gressas
552 2964 610 3014 et
643 2957 792 3013 inter
833 2976 1025 3013 causas
1059 2955 1391 3013 cohibentes
1424 2957 1482 3012 in
1518 2976 1577 3013 se
1611 2956 1972 3014 efficientiam

293 3037 622 3094 naturalem.
723 3037 813 3093 Ita
861 3044 918 3093 et
964 3054 1187 3112 semper
1234 3055 1428 3092 verum
1478 3036 1593 3092 fuit
1644 3036 1973 3093 “Morietur

292 3117 588 3193 EpicuruS‚
621 3135 752 3172 cum
786 3116 902 3173 duo
937 3122 995 3172 et
1028 3115 1391 3191 septuaginta
1424 3134 1602 3172 annos
1633 3115 1854 3186 vixerit,
1891 3134 1973 3170 ar-

292 3196 501 3256 chonte
530 3194 901 3268 Pytharat0,''
926 3215 1111 3272 neque
1133 3202 1325 3253 tamen
1356 3202 1514 3252 erant
1543 3213 1741 3252 causae
1768 3194 1971 3251 fatales
