2205 3431
596 134 732 182 LIB.
766 134 860 193 IL,
896 134 1053 183 CAP.
1086 133 1425 194 X111.-xv.‚
1448 132 1476 192 ἓ
1500 135 1680 182 36-42.
1914 137 1977 182 61

296 254 369 292 ne
388 233 583 291 virtus,
643 233 872 302 Quanto
890 234 1067 310 igitur
1085 234 1143 290 in
1164 233 1382 290 mundo
1401 233 1655 291 facilius!
1717 233 1822 290 Est
1843 253 1979 310 ergo

295 314 357 370 in
388 333 456 371 eo
479 314 692 370 virtus:
737 313 962 390 sapiens
991 319 1077 370 est
1105 313 1283 389 igitur
1310 320 1368 369 et
1396 323 1699 390 propterea
1725 313 1879 370 deus

393 393 528 451 XV.
572 393 770 469 Atque
810 392 917 449 hac
958 393 1164 449 mundi
1207 393 1506 450 divinitate
1549 401 1845 469 perspecta
1885 393 1981 450 tri-

296 473 526 530 buenda
553 479 640 530 est
667 472 947 530 sideribus
976 473 1177 531 eadem
1206 472 1491 543 divinitaS,
1519 491 1663 549 quae
1697 492 1766 529 ex
1800 473 1981 529 mobi-

296 553 514 609 lissima
540 552 956 630 purissimaque
985 552 1231 610 aetheris
1259 560 1419 629 parte
1440 552 1775 629 gignuntur,
1797 571 1980 628 neque

296 633 412 690 ulla
439 640 730 709 praeterea
758 638 892 689 sunt
921 632 1177 689 admixta
1205 641 1406 690 natura
1433 639 1670 709 totaque
1699 638 1833 689 sunt
1853 632 1981 689 cali·

296 713 374 768 da
405 720 576 790 atque
609 712 916 789 perlucida,
948 718 1014 769 ut
1049 731 1116 769 ea
1157 731 1384 789 qnoque
1426 712 1740 770 rectissime
1774 718 1833 769 et
1864 713 1981 768 ani-

297 793 515 849 mantia
535 812 654 850 esse
677 799 736 849 et
757 793 966 849 sentire
987 798 1161 868 atque
1183 792 1511 869 intellegere
1534 792 1810 849 dicantur.
1882 797 1975 850 40.

297 872 494 949 Atque
537 891 604 929 ea
644 872 877 948 quidem
913 878 1038 928 tota
1070 891 1191 929 esse
1223 872 1395 948 ignea
1428 872 1675 928 duorum
1710 890 1979 928 sensuum

297 952 631 1009 testimonio
660 950 984 1008 confirmari
1012 951 1317 1014 Cleanthes
1345 958 1528 1029 putat,
1549 959 1735 1008 tactus
1763 958 1821 1008 et
1850 971 1981 1009 ocu-

297 1031 500 1088 lorum.
586 1031 735 1088 Nam
771 1031 906 1088 solis
940 1038 998 1088 et
1026 1030 1241 1088 candor
1271 1031 1547 1089 illustrior
1579 1038 1665 1088 est
1693 1051 1864 1108 quam
1898 1031 1981 1087 ul-

297 1111 407 1168 lius
434 1111 601 1188 igniS,
628 1111 840 1188 quippe
871 1112 969 1188 qui
998 1111 1280 1168 immenso
1308 1111 1527 1169 mundo
1556 1118 1678 1168 tam
1705 1111 1877 1188 longe
1904 1111 1981 1168 la-

296 1199 469 1267 teque
503 1191 796 1262 colluceat,
828 1198 885 1248 et
918 1192 968 1248 is
1001 1192 1124 1248 eius
1157 1198 1343 1249 tactus
1372 1199 1474 1263 est,
1506 1210 1624 1248 non
1666 1198 1733 1248 ut
1764 1191 1979 1267 tepefa-

296 1271 413 1327 ciat
435 1271 636 1342 solum,
658 1270 759 1327 sed
781 1271 953 1328 etiam
977 1290 1145 1348 saepe
1167 1271 1481 1328 comburat.
1560 1270 1815 1339 Quorum
1846 1290 1978 1328 neu-

296 1358 452 1407 trum
474 1351 703 1419 faceret,
726 1351 835 1407 nisi
864 1351 1251 1428 essetigneus.
1326 1350 1561 1427 “Ergo’'
1586 1350 1833 1428 inquit⁴⁴
1845 1370 1978 1408 cum

297 1430 434 1486 sol
419 1450 637 1522 igneus
653 1431 729 1487 sit
762 1430 1089 1507 Oceanique
1124 1431 1307 1488 alatur
1347 1430 1659 1501 umoribUS,
1693 1431 1827 1507 quia
1858 1430 1980 1486 nul-

297 1510 430 1566 lus
417 1511 566 1587 lgnis
595 1511 716 1567 sine
746 1517 910 1585 pastu
946 1511 1139 1602 aliquo
1169 1511 1353 1587 possit
1380 1530 1726 1586 permanere,
1753 1530 1979 1567 necesse

297 1597 386 1646 est
413 1597 513 1647 aut
545 1590 598 1647 ei
627 1590 829 1646 similis
863 1591 939 1646 sit
966 1590 1105 1682 igni,
1132 1610 1302 1667 quem
1337 1589 1675 1647 adhibemus
1709 1591 1783 1647 ad
1811 1610 1979 1647 usum

298 1677 472 1747 atque
506 1670 579 1727 ad
612 1670 845 1740 victum,
870 1678 971 1727 aut
1004 1670 1072 1740 ei,
1098 1670 1198 1747 qui
1232 1670 1566 1747 corporibus
1600 1669 1978 1727 animantium

297 1750 640 1808 continetur.
728 1755 820 1806 41.
859 1750 1040 1827 Atqui
1074 1751 1168 1807 hic
1206 1759 1400 1808 noster
1432 1751 1599 1827 igniS,
1632 1769 1802 1826 quem
1848 1770 1981 1807 usus

298 1831 448 1887 vitae
490 1830 742 1908 requirit,
775 1830 1071 1887 confector
1104 1838 1190 1887 est
1223 1837 1281 1887 et
1314 1837 1688 1907 consumptor
1721 1831 1980 1887 omnium

297 1910 584 1986 idemque,
608 1929 968 1986 quocumque
990 1910 1215 1982 invasit,
1232 1918 1438 1968 cuncta
1466 1910 1749 1967 disturbat
1777 1930 1842 1967 ac
1871 1911 1980 1967 dis·

297 1990 474 2065 sipat.⁴
551 1989 770 2047 Contra
796 1989 891 2046 illc
925 2009 1231 2066 corporeus
1259 1990 1448 2047 vitalis
1482 1997 1541 2047 et
1566 1990 1829 2047 salutaris
1863 2010 1982 2047 om-

298 2070 396 2126 nia
422 2075 741 2140 conservat,
765 2069 883 2139 alit,
908 2077 1096 2145 auget,
1130 2070 1373 2127 sustinet
1404 2089 1688 2147 sensuque
1730 2070 1977 2127 adficit.”

299 2148 491 2225 Negat
525 2168 661 2226 ergo
705 2168 824 2205 esse
859 2148 1099 2206 dubium
1135 2149 1340 2206 horum
1375 2150 1599 2226 ignium
1643 2149 1726 2206 sol
1765 2151 1878 2207 utri
1913 2151 1982 2207 si-

297 2230 452 2285 milis
486 2230 575 2299 sit,
602 2248 732 2286 cum
761 2230 810 2285 is
844 2248 1072 2305 quoque
1106 2228 1315 2286 efficiat
1341 2237 1407 2286 ut
1435 2230 1630 2286 omnia
1656 2229 1896 2286 floreant
1924 2240 1982 2287 et

298 2310 361 2365 in
391 2328 493 2365 suo
524 2327 779 2385 quaeque
807 2326 1014 2385 genere
1042 2308 1372 2400 pubescant.
1443 2308 1570 2377 Qua
1596 2329 1656 2366 re
1686 2329 1815 2366 cum
1847 2308 1982 2366 solis

298 2389 451 2464 ignis
486 2388 686 2445 similis
728 2408 921 2445 eorum
959 2389 1181 2464 ignium
1218 2390 1307 2458 sit,
1342 2389 1438 2480 qui
1474 2397 1607 2445 sunt
1640 2390 1700 2445 in
1736 2391 1983 2465 corpori-

298 2468 407 2525 bus
434 2468 830 2538 animantium,
853 2468 1030 2525 solem
1055 2488 1281 2545 quoque
1304 2469 1654 2525 animantem
1678 2488 1796 2526 esse
1820 2489 1984 2545 opor-

290 2555 402 2618 ·tet,
427 2554 486 2605 et
515 2548 747 2625 quidem
781 2547 998 2624 reliqua
1029 2557 1196 2618 astra,
1223 2568 1366 2625 quae
1402 2548 1655 2605 oriantur
1688 2549 1747 2605 in
1782 2550 1983 2606 ardore

298 2627 545 2696 caelesti,
568 2628 667 2705 qui
695 2627 889 2685 aether
911 2626 998 2684 vel
1026 2628 1245 2685 caelum
1276 2629 1620 2685 nominatur.
1706 2633 1799 2684 42.
1832 2627 1983 2685 Cum

299 2708 455 2764 enim
485 2707 726 2764 aliorum
756 2708 1136 2764 animantium
1172 2714 1331 2765 ortus
1359 2708 1420 2764 in
1449 2715 1598 2764 terra
1626 2707 1715 2778 sit,
1742 2708 1982 2764 aliorum

300 2787 361 2843 in
405 2807 575 2879 aqua,-
603 2788 663 2844 in
704 2793 836 2844 aere
878 2787 1137 2858 aliorum,
1168 2787 1478 2844 absurdum
1521 2806 1640 2844 esse
1681 2788 1983 2845 Aristoteli

301 2867 575 2925 videtur
561 2887 621 2924 1n
655 2887 722 2924 ea
754 2874 931 2944 parte,
958 2887 1102 2944 quae
1138 2868 1213 2923 sit
1247 2868 1320 2924 ad
1348 2867 1639 2943 gignenda
1670 2868 1986 2925 animantia

300 2947 613 3023 aptissima,
645 2946 855 3003 animal
888 2947 1052 3023 gigni
1094 2946 1315 3003 nullum
1349 2949 1565 3023 putare.
1652 2948 1851 3004 Sidera
1891 2967 1986 3004 au-

300 3034 421 3083 tem
456 3026 771 3083 aetherium
807 3025 998 3083 locum
1033 3026 1314 3097 obtinent,
1337 3027 1435 3103 qui
1471 3027 1743 3101 quoniam
1776 3028 1986 3083 tenuis-

302 3106 481 3162 simus
526 3114 612 3163 est
657 3114 714 3163 et
758 3125 982 3181 semper
1022 3106 1274 3181 agitatur
1299 3114 1374 3163 'et
1406 3106 1578 3181 viget,
1611 3125 1838 3162 necesse
1880 3115 1981 3175 est,

302 3186 461 3262 quod
493 3185 702 3243 animal
738 3186 797 3242 in
831 3204 899 3242 eo
933 3185 1219 3263 gignatur,
1242 3185 1305 3241 id
1333 3192 1392 3242 et
1419 3204 1587 3241 sensu
1620 3185 1894 3241 acerrimo
1929 3193 1986 3241 et
2045 3227 2123 3288 t

462 3265 492 3310 6
