2205 3431
649 170 652 173 Α
694 129 832 178 Lm.
856 128 950 189 11.‚
980 128 1137 178 CAP.
1167 128 1344 190 1.-11.‚
1372 127 1401 188 ς
1433 132 1542 179 1-6.
1877 135 1972 184 197

290 238 564 291 tractatus
610 229 909 287 uberrime.
995 229 1148 285 Nam
1198 229 1339 306 quid
1387 248 1495 305 ego
1546 229 1617 287 de
1668 231 1702 258 ‘⁴
1722 233 1972 290 consola-

291 313 451 370 tione
471 311 503 338 ”
534 310 758 368 dicam?
802 328 945 386 quae
978 309 1124 365 mihi
1159 310 1392 386 quidem
1420 310 1533 385 ipsi
1561 329 1695 368 sane
1723 311 1974 388 aliquan-

292 401 417 450 tum
445 391 722 460 medetur,
748 389 949 446 ceteris
976 389 1116 446 item
1147 389 1392 446 multum
1425 389 1578 446 illam
1608 391 1971 466 profuturam

292 480 452 548 puto.
537 469 874 526 Interiectus
907 476 994 526 est
1022 469 1197 525 etiam
1231 488 1413 545 nuper
1440 468 1581 527 liber
1608 471 1673 541 is,
1700 490 1869 547 quem
1899 472 1973 529 ad

245 594 251 604 ,
291 559 553 609 nostrum
580 549 845 607 Atticum
875 549 908 576 ‘⁴
929 549 1000 606 de
1029 555 1320 605 senectute
1339 548 1372 575 '’
1401 548 1677 607 misimus,
1763 549 1832 606 In
1861 552 1971 627 pri·

292 631 531 708 misque,
568 629 840 705 quoniam
874 627 1241 705 philosophia
1280 628 1367 685 vir
1408 628 1592 686 bonus
1633 628 1875 687 efficitur
1915 638 1973 688 et

292 711 478 781 ἔοι-113,
521 707 772 766 “Cato’'
819 715 1015 765 noster
1057 709 1119 764 iu
1161 708 1367 765 horum
1413 708 1688 766 librorum
1733 729 1972 767 numero

294 789 595 866 ponendus
663 796 764 846 est.
878 793 930 845 4.
991 787 1253 864 Cumque
1309 787 1650 846 Aristoteles
1717 788 1972 867 itemque

293 869 736 946 Theophrastus,
782 867 1118 926 excellentes
1162 868 1269 924 viri
1313 887 1443 925 cum
1490 868 1805 926 subtilitate
1847 876 1971 926 tum

293 950 475 1026 copia,
500 968 630 1007 cum
660 947 1028 1025 philosophia
1054 947 1282 1005 dicendi
1311 947 1484 1004 etiam
1513 955 1817 1025 praecepta
1844 968 1976 1006 con-

293 1029 599 1100 iunxerint,
644 1028 825 1085 nostri
875 1047 1104 1104 quoque
1149 1028 1383 1084 oratorii
1426 1032 1556 1101 libri
1614 1032 1674 1087 in
1731 1031 1977 1088 eundem

293 1109 570 1167 librorum
627 1127 924 1164 numerum
981 1107 1267 1164 referendi
1321 1107 1601 1165 videntur.
1714 1107 1805 1165 Ita
1858 1116 1975 1166 tres

295 1196 461 1247 erunt
524 1188 649 1245 “de
718 1186 996 1258 oratore‚’'
1055 1193 1291 1264 quartus
1353 1186 1679 1258 “BrutuS‚”
1739 1188 1975 1264 quintus

297 1269 331 1296 ‘⁴
352 1267 596 1326 orator.”
680 1267 754 1325 ΙΙ.
792 1267 1003 1325 Adhuc
1030 1266 1172 1324 haec
1201 1273 1377 1324 erant.
1434 1265 1534 1323 Ad
1560 1266 1779 1344 reliqua
1806 1267 1977 1324 alacri

295 1348 670 1406 tendebamus
697 1347 890 1404 animo
920 1348 999 1404 sic
1022 1346 1223 1424 parati,
1247 1353 1330 1417 ut,
1354 1346 1467 1402 nisi
1496 1365 1639 1422 quae
1668 1365 1835 1404 causa
1854 1366 1978 1424 gra-

294 1429 420 1486 vior
453 1428 782 1498 obstitisset,
814 1426 1034 1484 nullum
1069 1425 1468 1503 philosophiae
1496 1425 1685 1483 locum
1729 1445 1849 1484 esse
1881 1446 1979 1503 pa—

294 1515 544 1566 teremur
585 1507 685 1584 qui
726 1525 842 1564 non
884 1506 1105 1563 Latinis
1136 1505 1342 1563 litteris
1383 1505 1697 1562 illustratus
1733 1514 1974 1582 pateret.

296 1587 469 1657 Quod
501 1587 654 1644 enim
699 1605 907 1643 munus
951 1586 1033 1643 rei
1066 1585 1329 1662 publicae
1370 1584 1593 1642 adferre
1636 1586 1822 1642 maius
1861 1605 1979 1642 me·

296 1669 476 1726 liusve
516 1685 820 1744 possumus
862 1684 1032 1744 quam
1076 1665 1122 1722 si
1158 1665 1431 1724 docemus
1472 1672 1644 1742 atque
1686 1665 1978 1723 erudimus

296 1748 689 1806 iuventutem?
730 1746 819 1803 his
853 1746 1182 1823 praesertim
1220 1746 1477 1804 moribus
1509 1752 1680 1822 atque
1709 1747 1979 1822 tempori-

295 1828 420 1900 buS,
453 1827 661 1905 quibus
701 1826 783 1883 ita
817 1826 1080 1903 prolapsa
1111 1832 1214 1896 est,
1245 1833 1311 1883 ut
1353 1825 1610 1882 omnium
1656 1824 1865 1901 opibus
1897 1845 1980 1882 re-

296 1908 575 1966 frenanda
607 1913 779 1983 atque
808 1906 1125 1962 coercenda
1153 1906 1242 1963 sit.
1330 1912 1382 1962 5.
1428 1905 1486 1961 N
1488 1925 1550 1962 ec
1578 1924 1712 1962 vero
1742 1905 1805 1962 id
1832 1903 1978 1962 effici

296 2007 463 2065 posse
496 1985 740 2056 confidO,
773 1984 929 2062 quod
961 2004 1034 2041 ne
1066 1984 1475 2061 postulandum
1512 1985 1746 2061 quidem
1780 1992 1881 2056 est,
1915 1992 1979 2042 ut

298 2086 497 2125 omnes
541 2065 928 2123 adulescentes
977 2084 1035 2121 se
1083 2065 1158 2121 ad
1201 2064 1341 2121 haec
1390 2064 1581 2121 studia
1625 2071 1975 2122 convertant.

297 2147 478 2205 Pauci
511 2146 764 2203 utinam!
809 2163 1052 2221 quorum
1081 2151 1274 2201 tamen
1304 2144 1366 2200 in
1399 2163 1459 2201 re
1487 2144 1717 2220 publica
1744 2143 1857 2201 late
1885 2164 1980 2221 pa-

296 2234 418 2284 tere
450 2226 663 2302 poterit
697 2223 991 2281 industria.
1076 2223 1360 2299 Equidem
1396 2242 1466 2279 ex
1500 2223 1592 2279 his
1624 2224 1797 2281 etiam
1831 2223 1980 2281 fruc-

298 2315 425 2363 tum
470 2305 634 2382 capio
675 2304 884 2361 laboris
925 2303 1056 2373 mei,
1099 2303 1200 2380 qui
1244 2303 1359 2360 iam
1404 2309 1587 2359 aetate
1616 2303 1874 2379 provecti
1918 2304 1978 2359 in

298 2385 510 2443 nostris
553 2384 713 2441 libris
757 2384 1159 2461 acquiescunt:
1215 2401 1458 2459 quorum
1510 2382 1702 2439 studio
1752 2381 1980 2458 legendi

298 2484 492 2523 meum
522 2464 807 2522 scribendi
835 2463 1090 2521 studium
1120 2462 1515 2520 vehementius
1542 2462 1601 2519 111
1633 2461 1755 2519 dies
1782 2462 1980 2519 incita-

300 2553 424 2603 tur:
470 2563 614 2621 quos
654 2544 887 2620 quidem
921 2543 1112 2619 plures
1146 2561 1317 2619 quam
1360 2542 1523 2599 rebar
1554 2560 1673 2599 esse
1716 2543 1976 2617 cognovi.

300 2624 671 2702 Magnificum
698 2623 843 2681 illud
875 2624 1047 2680 etiam
1078 2622 1469 2698 Romanisque
1496 2619 1830 2677 hominibus
1862 2622 1982 2697 glo-

301 2706 532 2775 riosum,
556 2710 623 2760 ut
643 2703 874 2761 Graecis
896 2702 967 2759 de
988 2702 1355 2779 philosophia
1377 2702 1581 2759 litteris
1610 2719 1726 2757 non
1757 2708 1976 2775 egeant.

301 2791 355 2842 6.
400 2783 572 2852 Quod
619 2784 894 2860 adsequar
937 2783 1218 2858 profect0‚
1263 2782 1310 2838 si
1359 2782 1623 2838 instituta
1670 2780 1977 2857 perfecerO.

301 2865 390 2923 Ac
433 2863 580 2920 mihi
623 2863 850 2940 quidem
899 2861 1266 2938 explicandae
1310 2860 1709 2938 philosophiae
1754 2878 1981 2917 causam

301 2943 497 3001 attulit
531 2962 691 3001 casus
724 2942 912 3019 gravis
953 2941 1219 3010 civitatiS‚
1253 2960 1382 2997 cum
1418 2942 1478 2997 in
1513 2942 1686 2996 armis
1719 2940 1982 2998 civilibus

302 3043 408 3081 nec
448 3023 595 3080 tueri
639 3041 769 3079 meo
809 3040 968 3078 more
1009 3040 1129 3078 rem
1165 3019 1451 3096 publicam
1494 3039 1598 3078 nco
1640 3020 1783 3078 nihil
1817 3039 1980 3096 agere

302 3111 563 3180 poteram
595 3121 700 3159 nec
735 3101 875 3178 quid
908 3100 1104 3177 potius
1139 3099 1295 3176 quod
1330 3100 1563 3176 quidem
1604 3120 1699 3158 me
1740 3101 1981 3176 dignum

301 3190 452 3241 esset
479 3200 705 3259 agerem
738 3179 1104 3255 reperiebam.
1190 3179 1429 3237 Dabunt
1456 3180 1633 3253 igitur
1659 3179 1804 3237 mihi
1830 3180 1980 3237 veni-

456 3264 516 3308 16
