2205 3431
498 99 636 148 LIB.
669 99 764 158 ΙΙ.,
798 96 952 146 CAP.
992 96 1569 158 XXV111.-XXX1.,§
1600 99 1778 146 61—66.
1881 99 1981 145 219

434 197 664 258 Namque
686 210 856 244 omnes
879 196 1087 244 memori
1104 203 1385 257 portentum
1402 204 1571 244 mente
1592 203 1857 256 retentant,

436 262 534 321 Qui
556 276 656 309 non
680 261 886 308 funestis
908 261 1157 323 liquerunt
1179 260 1366 308 lumina
1387 260 1520 308 fatis.

437 327 684 386 Argolicis
706 327 920 388 primum
944 334 999 373 ut
1020 326 1197 374 vestita
1218 334 1294 373 est
1316 325 1551 373 classibus
1573 324 1737 383 Aulis,

436 391 575 450 Quae
598 392 801 438 Priamo
821 391 1012 438 cladem
1035 400 1086 438 et
1104 391 1283 438 Troiae
1299 399 1585 452 pestemque
1608 391 1850 451 ferebant,

435 457 541 504 Nos
564 457 750 504 circum
773 457 939 503 latices
961 456 1149 515 gelidos
1171 455 1477 503 fumantibus
1499 457 1615 516 aris,

435 522 690 581 Aurigeris
713 522 881 568 divum
906 522 1155 582 placantes
1176 522 1385 568 numina
1406 521 1578 581 tauris,

436 587 536 634 Sub
560 587 759 648 platano
780 586 1060 645 umbrifera,
1080 586 1190 633 fons
1213 586 1343 634 unde
1365 594 1564 633 emanat
1586 586 1752 650 aquai,

435 651 666 698 Vidimus
688 651 895 698 immani
919 652 1078 712 specie
1102 660 1333 713 tortuque
1356 651 1618 699 draconem

435 716 742 775 Terribilem,
764 717 896 763 Iovis
920 726 974 763 ut
996 716 1141 777 pulsu
1164 724 1446 778 penetraret
1466 717 1529 763 ab
1550 732 1666 764 ara:

436 781 534 840 Qui
557 781 743 843 platani
766 781 817 827 in
842 796 981 828 ramo
1005 781 1236 829 foliorum
1259 783 1482 840 tegmine
1498 790 1692 842 saeptos

436 847 686 908 Corripuit
707 846 901 908 pullos:
941 861 1066 908 quos
1089 861 1202 893 eum
1228 856 1539 894 consumeret
1561 856 1690 906 octo,

435 911 583 959 Nona
605 926 750 973 snper
772 910 981 958 tremulo
1002 911 1220 970 genitrix
1242 912 1472 970 clangore
1491 912 1715 959 volabat:

437 977 531 1024 Cui
555 977 685 1024 serus
707 976 910 1023 immani
934 976 1139 1024 laniavit
1161 976 1348 1024 viscera
1368 991 1550 1024 morsu.

309 1032 400 1084 64.
440 1042 605 1100 Hune,
628 1041 713 1089 ubi
736 1051 838 1088 tam
862 1050 1057 1089 teneros
1079 1041 1301 1089 volucres
1322 1051 1630 1104 matremque
1652 1040 1877 1104 peremit,

437 1107 534 1164 Qui
558 1106 654 1153 luci
678 1106 912 1165 ediderat,
932 1108 1128 1165 genitor
1149 1107 1411 1154 Saturnius
1428 1106 1562 1154 idem

437 1171 645 1218 Abdidit
667 1181 716 1219 et
740 1171 863 1218 duro
884 1171 1100 1218 firmavit
1122 1173 1341 1230 tegmina
1363 1186 1502 1218 saxo.

436 1237 541 1284 Nos
563 1244 727 1284 autem
753 1236 914 1284 timidi
937 1244 1123 1284 stantes
1146 1236 1371 1284 mirabile
1391 1244 1667 1284 monstrum

437 1301 674 1349 Vidimus
696 1302 749 1348 in
772 1301 946 1348 mediis
971 1301 1139 1348 divum
1163 1302 1401 1359 versarier
1425 1302 1535 1348 aris.

437 1367 570 1413 Tum
594 1366 804 1415 Calchas
827 1367 947 1413 haee
974 1375 1048 1414 est
1069 1366 1245 1413 fidenti
1268 1381 1387 1414 voce
1409 1366 1628 1413 locutus:

437 1432 685 1489 Quidnam
711 1441 956 1493 torpentes
980 1431 1141 1478 subito
1164 1431 1486 1493 obstipuistis‚
1506 1429 1727 1479 Achivi?

438 1497 594 1544 Nobis
617 1497 738 1544 haec
759 1505 987 1558 portenta
1009 1496 1158 1556 deum
1182 1497 1319 1544 dedit
1342 1496 1446 1557 ipse
1470 1504 1676 1555 creator,

437 1562 605 1609 Tarda
624 1570 673 1609 et
696 1576 806 1608 sera
828 1561 992 1620 nimis,
1011 1561 1097 1608 sed
1120 1561 1254 1608 fama
1275 1577 1333 1609 ae
1352 1561 1500 1609 laude
1521 1560 1742 1622 perenni.

437 1627 572 1674 Nam
593 1634 714 1690 quot
735 1641 850 1674 aves
873 1634 1030 1674 taetro
1053 1636 1293 1674 mactatas
1316 1626 1464 1674 dente
1484 1626 1677 1685 videtis,

437 1693 536 1741 Tot
557 1706 647 1739 nos
669 1691 734 1739 ad
756 1691 960 1740 Troiam
984 1690 1097 1739 belli
1119 1691 1494 1740 exanclabimus
1515 1706 1701 1740 annos:

437 1760 576 1816 Quae
601 1757 792 1805 decimo
816 1758 958 1804 cadet
981 1767 1031 1805 et
1053 1772 1213 1819 poena
1236 1758 1435 1804 satiabit
1457 1758 1693 1805 Achivos.

438 1823 610 1871 Edidit
632 1822 753 1869 haec
777 1821 1015 1871 Calchas:
1056 1837 1182 1884 quae
1204 1822 1305 1869 iam
1329 1832 1525 1870 matura
1546 1822 1739 1870 videtis.

311 1957 404 2009 65.
449 1951 606 2020 Quae
634 1951 867 2008 tandem
888 1951 999 2007 ista
1026 1951 1325 2026 auguratio
1355 1957 1441 2008 est
1469 1970 1538 2007 ex
1558 1950 1878 2027 passeribus
1900 1970 1993 2007 an-

308 2051 514 2088 norum
543 2031 735 2107 potius
766 2050 936 2108 quam
965 2037 1064 2087 aut
1092 2030 1375 2086 mensium
1406 2037 1505 2087 aut
1534 2031 1792 2088 dierum?
1874 2031 1993 2088 Cur

309 2117 502 2168 autem
544 2111 616 2168 de
656 2110 990 2186 passerculis
1045 2111 1427 2166 coniecturam
1480 2111 1638 2181 facit,
1672 2112 1733 2167 in
1784 2111 1991 2187 quibus

309 2191 528 2247 nullum
558 2199 677 2247 erat
707 2198 1042 2261 monstrum,
1068 2190 1140 2247 de
1168 2189 1412 2247 dracone
1440 2190 1584 2259 silet,
1611 2190 1725 2267 qui,
1748 2190 1811 2246 id
1835 2191 1991 2266 quod

309 2270 431 2327 fieri
465 2290 580 2327 non
615 2271 823 2347 potuit,
848 2270 1107 2347 lapideus
1141 2270 1352 2327 dicitur
1384 2270 1607 2326 factus?
1687 2269 1990 2326 Postremo

311 2350 452 2428 qnid
480 2350 662 2407 simile
691 2350 864 2407 habet
883 2370 1075 2427 passer
1102 2351 1303 2408 annis?
1384 2350 1535 2407 Nam
1565 2350 1636 2406 de
1664 2368 1850 2426 angue
1871 2350 1987 2420 illo,

312 2432 411 2507 qui
440 2430 627 2488 Sullae
661 2431 924 2507 apparuit
952 2431 1294 2501 immolanti,
1319 2437 1625 2505 utrumque
1653 2429 1909 2499 memini,
1934 2436 1993 2485 et

311 2510 544 2580 Sullam,
570 2529 700 2566 cum
725 2511 782 2566 in
812 2511 1239 2586 expeditionem
1268 2510 1575 2580 educturus
1603 2514 1765 2577 esset,
1790 2509 1993 2564 immo—

309 2589 511 2646 lavisse
553 2597 611 2646 et
652 2609 897 2666 anguem
940 2591 1012 2647 ab
1054 2610 1152 2647 ara
1192 2590 1473 2647 exstitisse
1515 2608 1696 2666 eoque
1738 2589 1832 2645 die
1870 2607 1989 2645 rem

312 2669 592 2745 praeclare
647 2689 768 2726 esse
808 2677 1030 2746 gestam
1071 2690 1191 2726 non
1232 2669 1549 2745 haruspicis
1590 2668 1845 2739 consiliO,
1892 2668 1993 2725 sed

310 2749 686 2826 imperatoris,

392 2829 619 2886 XXXI.
707 2835 798 2886 66.
844 2829 1039 2906 Atque
1073 2828 1212 2885 haec
1255 2835 1611 2886 ostentorum
1649 2846 1858 2903 genera
1888 2827 1993 2883 mi·

309 2906 485 2965 rabile
527 2908 670 2965 nihil
704 2908 932 2965 habent.
1019 2907 1177 2976 Quae
1219 2927 1350 2964 cum
1384 2908 1538 2964 facta
1578 2914 1727 2977 sunt,
1758 2914 1885 2964 tum
1918 2906 1992 2963 ad

311 2988 696 3046 coniecturam
726 2989 915 3065 aliqua
934 2987 1406 3064 interpretatione
1434 2993 1783 3058 revocantur,
1808 2994 1875 3043 ut
1895 2986 1993 3043 illa

310 3069 489 3126 tritici
530 3088 707 3145 grana
746 3070 807 3125 in
850 3088 914 3125 os
955 3069 1118 3143 pueri
1152 3067 1343 3124 Midae
1385 3074 1656 3142 congesta
1696 3074 1797 3123 aut
1838 3086 1988 3143 apeS,

312 3168 452 3225 quas
486 3148 682 3213 dixisti
717 3148 777 3204 in
809 3147 980 3204 labris
1012 3147 1274 3204 Platonis
1307 3146 1630 3203 consedisse
1663 3146 1841 3221 pueri,
1873 3164 1990 3202 non

1989 3273 2086 3341 1
