2205 3431
699 138 836 186 ΠΒ.
865 137 932 198 1.,
962 135 1119 186 CAP.
1149 138 1213 196 1.‚
1243 137 1337 196 11.‚
1366 136 1395 196 ἓ
1426 141 1531 186 1-4.
1862 140 1955 188 147

278 247 498 298 caretur
519 238 826 296 memoriae
847 238 1239 315 prodiderunt.
1305 238 1431 306 Qua
1453 239 1509 294 in
1535 240 1768 296 natione
1791 238 1956 295 Chal-

279 321 406 377 daei
440 339 558 376 non
600 338 669 376 ex
703 319 856 388 artis,
887 318 988 375 sed
1023 337 1092 374 ex
1134 319 1325 394 gentis
1359 318 1637 376 vocabulo
1671 319 1957 375 nominati

279 401 549 457 diuturna
599 398 992 455 observatione
1043 398 1294 454 siderum
1343 398 1640 455 scientiam
1680 405 1958 475 putantur

279 480 548 549 effecisse,
574 486 639 535 ut
672 478 925 554 praedici
958 484 1154 554 posset
1189 478 1328 555 quid
1371 479 1577 554 cuique
1619 485 1955 536 eventurum

279 568 337 617 et
383 580 497 637 quo
544 559 785 635 quisque
826 559 950 614 fato
995 565 1165 614 natus
1206 565 1368 615 esset.
1455 558 1733 615 Eamdem
1775 566 1956 615 artem

280 640 453 697 etiam
486 637 771 715 Aegyptii
804 638 1227 714 longinquitate
1268 644 1595 714 temporum
1636 638 1958 695 innumera-

279 720 490 777 bilibus
523 738 704 795 paene
738 718 974 774 saeculis
1008 718 1302 774 consecuti
1335 725 1625 794 putantur.
1712 718 1956 775 Cilicum

280 807 472 857 autem
501 806 560 856 et
586 798 912 855 Pisidarum
945 816 1087 873 gens
1116 804 1174 854 et
1201 797 1292 854 his
1319 797 1566 854 finitima
1593 798 1955 874 Pamphylia,

281 879 489 956 quibus
529 878 859 935 nationibus
887 873 1297 969 praefuimus
1282 879 1412 954 ipsi,
1439 877 1724 934 volatibus
1766 878 1957 934 avium

279 958 654 1035 cantibusque
679 966 742 1015 ut
764 958 1094 1015 certissimis
1125 958 1304 1034 signis
1332 957 1603 1015 declaraii
1626 978 1713 1015 res
1735 959 1959 1015 futuras

280 1045 502 1115 putant.
591 1045 641 1095 3.
688 1037 873 1106 Quam
916 1056 1050 1094 vero
1093 1037 1331 1094 Graecia
1371 1038 1655 1095 coloniam
1697 1038 1857 1094 misit
1898 1039 1958 1094 in

280 1118 562 1186 Aeoliam,
596 1117 837 1188 Ioniam,
861 1118 1080 1187 Asiam,
1114 1117 1383 1188 Siciliam,
1417 1117 1643 1174 Italiam
1686 1118 1806 1175 sine
1848 1118 1961 1194 Py-

279 1199 406 1256 thio
429 1206 528 1255 aut
548 1198 868 1255 Dodonaeo
891 1205 990 1254 aut
1014 1198 1360 1254 Hammonis
1383 1197 1649 1254 oraculo?
1682 1205 1781 1255 aut
1805 1198 1960 1274 quod

279 1278 495 1335 bellum
538 1285 863 1354 susceptum
901 1277 972 1333 ab
1009 1297 1075 1334 ea
1108 1277 1230 1334 sine
1272 1277 1512 1334 consilio
1556 1278 1794 1335 deorum
1838 1279 1962 1335 est?

282 1358 358 1416 ΙΙ.
404 1358 524 1416 Nec
558 1378 737 1415 unum
771 1377 952 1433 genus
986 1364 1074 1414 est
1115 1357 1486 1414 divinationis
1519 1356 1747 1434 publice
1780 1358 1963 1434 priva-

281 1440 502 1515 timque
532 1437 892 1495 celebratum.
970 1437 1138 1507 Nam,
1161 1444 1226 1493 ut
1254 1437 1518 1493 omittam
1544 1445 1761 1494 ceteros
1783 1457 1963 1513 popu-

281 1519 384 1588 los,
409 1523 603 1575 noster
630 1537 800 1594 quam
831 1517 1014 1573 multa
1040 1536 1251 1593 genera
1272 1516 1603 1593 complexus
1625 1518 1743 1574 est!
1801 1517 1963 1573 Prin-

282 1599 435 1675 cipio
464 1598 634 1654 huius
662 1597 817 1655 urbis
853 1616 1056 1672 parens
1089 1596 1371 1653 Romulus
1405 1616 1523 1653 non
1558 1595 1744 1653 solum
1779 1598 1964 1673 auspi-

282 1686 412 1736 cato
435 1678 633 1736 urbem
663 1677 1003 1746 condidisse,
1029 1677 1166 1735 sed
1151 1696 1274 1754 lpse
1296 1677 1469 1734 etiam
1500 1676 1754 1754 optimus
1783 1696 1964 1754 augur

282 1759 462 1817 fuisse
491 1759 752 1816 traditur.
849 1758 1078 1815 Deinde
1124 1757 1433 1834 auguribus
1475 1764 1533 1814 et
1566 1757 1776 1849 reliqui
1802 1777 1964 1834 reges

282 1840 373 1896 usi
404 1845 461 1896 et
488 1839 700 1896 exactis
729 1837 960 1915 regibus
988 1837 1132 1894 nihil
1156 1837 1384 1915 publice
1413 1837 1534 1894 sine
1563 1838 1831 1913 auspiciis
1860 1857 1964 1895 nec

283 1919 446 1976 domi
487 1938 592 1976 nec
634 1919 873 1975 militiae
913 1917 1231 1994 gerebatur.
1333 1917 1596 1994 Cumque
1637 1937 1847 1995 magna
1879 1918 1965 1974 vis

282 2000 572 2056 videretur
605 2018 726 2056 esse
760 2005 819 2055 et
851 1998 911 2054 in
946 1997 1345 2074 impetriendis
1380 1998 1856 2075 consulendisque
1884 2017 1967 2055 re-

281 2079 392 2136 bus
427 2087 484 2136 et
517 2079 577 2135 in
610 2079 884 2135 monstris
916 2077 1363 2154 interpretandis
1404 2096 1469 2134 ac
1497 2079 1870 2153 procurandis
1904 2078 1966 2135 in

282 2159 650 2235 haruspicum
680 2157 998 2234 disciplina,
1016 2177 1249 2214 omnem
1273 2157 1418 2213 hanc
1443 2176 1511 2214 ex
1534 2157 1763 2214 Etruria
1791 2158 1967 2214 scien-

283 2240 426 2297 tiam
469 2237 837 2307 adhibebant,
858 2257 929 2295 ne
971 2256 1153 2313 genus
1196 2244 1342 2294 esset
1381 2237 1561 2293 ullum
1596 2236 1968 2294 divinationis

285 2319 443 2396 quod
483 2319 808 2395 neglectum
851 2317 922 2374 ab
956 2318 1028 2373 iis
1062 2316 1362 2374 videretur.
1449 2321 1501 2373 4.
1539 2316 1631 2387 Et,
1658 2335 1787 2373 cum
1830 2317 1969 2374 duo-

283 2399 393 2456 bus
425 2398 615 2455 modis
657 2398 836 2454 animi
877 2397 998 2453 sine
1040 2397 1262 2453 ratione
1296 2404 1354 2453 et
1389 2396 1627 2453 scientia
1657 2403 1822 2453 motu
1856 2397 1966 2473 ipsi

285 2498 390 2535 suo
421 2478 608 2534 soluto
643 2484 702 2534 et
734 2477 914 2534 libero
949 2477 1338 2547 incitarentur,
1363 2496 1479 2533 uno
1514 2477 1759 2547 furente,
1785 2476 1966 2533 altero

286 2559 625 2629 somniante,
656 2557 868 2614 furoris
910 2556 1330 2613 divinationem
1376 2555 1674 2632 Sibyllinis
1718 2557 1968 2613 maxime

285 2637 542 2695 versibus
570 2637 852 2694 contineri
880 2636 1157 2704 arbitrati,
1183 2655 1380 2692 eorum
1410 2637 1608 2693 decem
1631 2636 1970 2712 interpretes

285 2717 536 2775 delectos
570 2736 601 2774 e
640 2717 870 2774 civitate
913 2735 1034 2773 esse
1066 2715 1388 2772 voluerunt.
1475 2715 1562 2771 Ex
1606 2735 1720 2792 quo
1762 2735 1970 2791 genere

286 2816 454 2874 saepe
477 2796 824 2854 hariolorum
855 2796 1028 2853 etiam
1058 2801 1118 2852 et
1139 2801 1334 2851 vatum
1357 2794 1697 2852 furibundas
1720 2795 1972 2871 praedic-

284 2877 489 2948 tioneS,
510 2884 575 2933 ut
597 2876 912 2935 Octaviano
932 2875 1080 2932 bello
1105 2873 1357 2931 Cornelii
1380 2874 1638 2966 Culleoli,
1661 2875 1971 2932 audiendas

284 2964 648 3034 putaverunt.
751 2956 873 3012 Nec
907 2974 1041 3012 vero
1076 2954 1301 3011 somnia
1317 2955 1609 3030 graviora,
1637 2955 1683 3011 si
1720 2974 1863 3031 quae
1898 2955 1971 3011 ad

285 3056 407 3094 rem
437 3035 728 3112 publicam
762 3036 1045 3112 pertinere
1075 3035 1197 3091 visa
1229 3041 1380 3103 sunt,
1406 3054 1439 3090 a
1473 3054 1700 3091 summo
1730 3034 1970 3091 consilio

286 3116 549 3193 neglecta
577 3123 727 3173 sunt.
798 3115 952 3184 Quin
975 3115 1150 3172 etiam
1174 3115 1451 3170 memoria
1471 3121 1667 3170 nostra
1688 3114 1970 3190 templum

286 3197 528 3254 Iunonis
550 3195 812 3271 Sospitae
842 3196 902 3253 L.
929 3195 1125 3264 Iulius,
1149 3194 1248 3269 qui
1277 3213 1408 3250 cum
1432 3193 1497 3250 P.
1520 3193 1741 3250 Rutilio
1772 3192 1970 3250 consul
