2205 3431
643 142 780 189 LIB.
812 142 875 203 1.,
905 142 1060 190 CAP.
1093 143 1317 203 V.-1x.‚
1344 142 1370 201 ἓ
1396 146 1541 191 9-15.
1841 147 1930 191 151

249 249 485 301 eventus
535 244 927 300 animadversa
975 250 1034 300 et
1080 250 1293 300 notata.
1397 244 1557 301 Nihil
1604 251 1690 301 est
1739 251 1933 301 autem

250 324 407 400 quod
440 343 556 380 non
588 323 977 400 longinquitas
1009 331 1336 400 temporum
1373 324 1691 400 excipiente
1719 344 1935 381 memo-

248 405 333 461 ria
365 404 789 495 prodendisque
817 404 1210 460 monumentis
1239 403 1456 461 efficere
1491 411 1662 480 atque
1697 404 1932 481 adsequi

248 484 447 560 possit.
522 490 612 540 13.
650 483 843 539 Milari
867 483 1001 540 licet
1024 503 1168 560 quae
1197 484 1312 540 sint
1341 484 1733 540 animadversa
1759 503 1794 540 a
1819 504 1935 540 me-

250 564 395 620 dicis
422 563 725 620 herbarum
760 582 984 639 genera,
1007 582 1152 639 quae
1187 563 1441 620 radicum
1476 563 1549 619 ad
1585 582 1807 620 morsus
1841 563 1935 621 be-

250 644 505 713 stiarum,
544 643 618 699 ad
660 643 952 700 oculorum
1004 642 1254 713 morbos,
1288 643 1361 699 ad
1406 643 1654 714 vulnera,
1688 663 1933 720 quorum

250 724 368 779 vim
403 731 574 800 atque
604 733 865 779 naturam
900 724 1045 779 ratio
1080 742 1396 799 numquam
1432 723 1752 799 explicavit,
1784 724 1937 780 utili-

250 810 369 859 tate
403 811 463 859 et
495 822 585 859 ars
619 810 704 860 est
739 811 796 859 et
830 802 1096 859 inventor
1136 803 1426 879 probatus
1511 804 1640 880 Age
1683 823 1765 874 ea,
1792 823 1936 880 quae

251 902 599 959 quamquam
645 903 714 940 ex
759 883 871 940 alio
916 901 1123 958 genere
1168 889 1318 954 sunt,
1349 890 1542 940 tamen
1592 883 1936 940 divinationi

251 970 386 1020 sunt
414 962 704 1032 similiora,
729 963 1038 1019 videamus.

446 1087 617 1148 Atque
639 1086 790 1134 etiam
813 1095 984 1134 ventos
1006 1094 1371 1147 praemonstrat
1395 1101 1539 1149 saepe
1563 1087 1752 1134 futuros

448 1151 682 1199 Inflatum
709 1166 859 1210 mare,
881 1167 992 1198 cum
1017 1151 1182 1198 subito
1206 1151 1499 1214 penitusque
1523 1154 1769 1210 tumescit,

449 1219 680 1278 Saxaque
702 1232 828 1265 cana
850 1217 966 1264 salis
986 1217 1128 1264 niveo
1152 1224 1383 1279 spumata
1404 1217 1595 1279 liquore

448 1282 720 1329 Tristificas
743 1290 934 1330 certant
957 1282 1190 1344 Neptuno
1217 1283 1420 1330 reddere
1447 1298 1604 1341 roceS,

448 1348 554 1394 Aut
577 1347 756 1394 densus
781 1347 962 1394 stridor
986 1362 1098 1393 cum
1124 1347 1255 1395 celso
1279 1362 1306 1394 e
1328 1349 1509 1395 vertice
1533 1348 1715 1396 montis

449 1412 600 1461 Ortus
623 1412 908 1472 adaugescit
930 1412 1243 1474 scopulorum
1267 1427 1412 1474 saepe
1436 1413 1670 1474 repulsus,

257 1522 422 1582 VIII.
459 1524 655 1600 Atque
688 1524 779 1580 his
812 1543 999 1581 rerum
1033 1522 1531 1598 praesensionibus
1571 1524 1938 1600 prognostica

251 1613 355 1662 tua
381 1604 593 1661 referta
621 1610 769 1661 sunt.
848 1603 990 1670 Quis
1019 1603 1198 1677 igitur
1226 1602 1424 1659 elicere
1453 1622 1649 1660 causas
1677 1622 1937 1679 praesen-

254 1686 483 1743 sionum
516 1685 748 1762 potest?
830 1683 955 1741 Etsi
982 1683 1152 1740 video
1186 1681 1484 1740 Boethum
1520 1683 1780 1741 Stoicum
1817 1702 1937 1740 esse

254 1771 544 1836 conatum,
572 1765 671 1841 qui
704 1764 983 1821 hactenus
1025 1763 1242 1840 aliquid
1285 1764 1420 1840 egit,
1441 1771 1506 1821 ut
1541 1783 1732 1821 earum
1768 1765 1939 1820 ratio·

254 1865 390 1903 nem
418 1865 603 1902 rerum
648 1844 971 1920 explicaret,
998 1863 1142 1921 quae
1176 1844 1235 1900 in
1271 1845 1414 1900 mari
1456 1844 1682 1901 caelove
1715 1843 1933 1902 fierent.

258 1932 350 1983 14.
396 1925 501 1982 Illa
529 1944 661 1982 vero
691 1944 791 1981 cur
819 1924 1083 1981 eveniant
1113 1924 1240 2000 quis
1267 1923 1640 2000 probabiliter
1667 1925 1912 1981 dixerit?

451 2048 593 2096 Rara
614 2045 739 2093 fulix
762 2045 934 2093 itidem
957 2045 1153 2105 fugiens
1177 2062 1205 2094 e
1225 2046 1419 2106 gurgite
1443 2047 1580 2108 ponti

451 2112 661 2160 Nuntiat
686 2111 939 2159 horribiles
962 2111 1183 2158 clamans
1207 2111 1390 2159 instare
1413 2111 1669 2173 procellas,

452 2177 604 2225 Haud
627 2176 847 2224 modicos
871 2175 1081 2224 tremulo
1106 2175 1319 2223 fundens
1342 2191 1370 2223 e
1392 2186 1590 2236 gutture
1613 2185 1803 2226 cantus.

453 2244 609 2305 Saepe
631 2244 779 2290 etiam
805 2241 1031 2303 pertriste
1054 2242 1192 2289 canit
1215 2241 1276 2288 de
1298 2252 1497 2303 pectore
1520 2257 1716 2290 carmen

451 2309 520 2356 Et
543 2307 798 2356 matutinis
821 2306 1053 2354 acredula
1075 2307 1277 2354 vocibus
1301 2307 1466 2366 instat,

453 2373 675 2422 Vocibus
698 2374 851 2420 instat
875 2383 924 2419 et
946 2371 1179 2419 adsiduas
1203 2371 1317 2420 iacit
1341 2386 1427 2420 ore
1451 2373 1690 2435 querelas,

453 2440 583 2486 Cum
605 2440 818 2501 primum
841 2437 1031 2497 gelidos
1056 2452 1189 2485 rores
1213 2452 1391 2485 aurora
1416 2438 1639 2487 remittit.

451 2505 709 2567 Fuscaque
732 2518 833 2551 non
855 2518 1131 2564 numquam
1156 2518 1361 2550 cursans
1386 2518 1469 2564 per
1489 2503 1658 2551 littora
1679 2503 1854 2551 cornix

452 2569 704 2618 Demersit
726 2577 874 2631 caput
897 2577 947 2616 ct
969 2568 1178 2616 fluctum
1202 2569 1390 2617 cervice
1413 2569 1610 2630 recepit.

257 2680 363 2738 IX.
453 2686 544 2737 15.
570 2680 854 2738 Videmus
882 2678 1022 2736 hacc
1053 2679 1219 2755 signa
1245 2698 1560 2757 numquam
1589 2680 1710 2737 fere
1737 2680 1942 2737 menti-

257 2761 414 2819 entia
441 2780 545 2817 nec
574 2766 767 2817 tamen
797 2779 898 2816 cur
926 2761 1007 2816 ita
1036 2759 1136 2816 fiat
1164 2759 1440 2817 videmus

454 2873 563 2921 Vos
590 2886 785 2934 quoque
809 2871 950 2931 signa
975 2870 1168 2931 videtiS,
1192 2871 1345 2933 aqua'i
1369 2870 1525 2918 dulcis
1547 2870 1792 2932 alumnae,

455 2938 582 2986 Cum
608 2938 822 2985 clamore
845 2937 1028 2999 paratis
1051 2938 1222 2984 inanes
1244 2937 1450 2984 sundere
1475 2952 1617 2985 voces

457 3002 792 3065 Absurdoque
816 3018 937 3050 sono
958 3001 1117 3049 fontes
1142 3010 1192 3050 et
1216 3012 1391 3061 stagna
1413 3002 1565 3050 cietis.

260 3116 405 3185 Quis
433 3122 519 3172 est
549 3115 648 3192 qui
676 3113 1019 3171 ranunculos
1047 3113 1159 3169 hoc
1188 3113 1379 3169 videre
1413 3114 1685 3190 suspicari
1721 3115 1944 3190 possit?

261 3196 378 3255 Sed
421 3195 569 3252 inest
611 3196 668 3251 in
712 3195 912 3251 bestiis
955 3201 1013 3250 et
1054 3193 1379 3250 ranunculis
1422 3204 1623 3250 natura
1666 3195 1941 3267 quaedam
