2205 3431
253 133 349 181 166
773 129 871 177 DE
904 126 1405 178 DIVINATIONE.

251 232 517 293 minatuS.
602 228 661 286 Is
688 230 1020 306 quaestione
1053 228 1313 286 adhibita
1340 230 1636 287 confessus
1665 237 1752 287 est
1778 238 1939 307 pate-

251 328 486 386 ramque
514 309 750 367 rettulit.
820 308 950 376 Quo
978 309 1137 366 facto
1164 308 1364 365 fanum
1390 308 1530 366 illud
1554 309 1769 367 Indicis
1791 310 1939 368 Her·

252 389 395 448 culis
422 389 783 446 nominatum
813 396 914 445 est.

331 468 558 526 XXVI.
645 475 737 525 55.
784 468 900 525 Sed
934 467 1072 544 quid
1107 487 1215 544 ego
1257 468 1642 525 Graecorum?
1724 467 1937 526 Nescio

253 569 367 626 quo
408 548 583 605 modo
618 568 711 604 me
743 548 928 622 magis
961 555 1157 604 nostra
1187 546 1491 605 delectant.
1574 547 1792 612 Omnes
1823 548 1936 605 hoc

252 628 526 697 historici,
559 627 735 698 Fabii,
773 627 961 696 Gellii,
994 627 1092 683 sed
1143 627 1402 703 proxime
1456 627 1696 684 Caelius,
1784 628 1935 684 Cum

251 708 400 765 bello
439 707 645 763 Latino
680 706 800 764 ludi
836 706 1014 762 votivi
1049 707 1286 763 maximi
1322 707 1575 784 primum
1609 705 1825 777 fierent,
1863 709 1939 763 ci-

252 789 398 844 vitas
420 787 492 843 ad
514 806 670 843 arma
688 794 919 863 repente
942 793 1028 842 est
1049 787 1309 844 excitata.
1379 786 1581 863 Itaque
1600 786 1749 843 ludis
1767 787 1940 843 inter·
2019 851 2022 854 ,

252 867 440 923 missis
482 866 840 923 instaurativi
875 866 1176 922 constituti
1210 871 1357 922 sunt.
1444 865 1557 934 Qui
1596 873 1727 922 ante
1762 885 1936 943 quam

251 947 451 1003 fierent
488 965 733 1023 cumque
774 947 887 1002 iam
926 945 1177 1021 populus
1214 945 1579 1016 consedisset,
1611 965 1803 1002 servus
1834 964 1940 1022 per

251 1028 480 1094 circum,
512 1045 641 1082 cum
677 1026 852 1101 virgis
885 1024 1227 1096 caederetur,
1251 1026 1472 1082 furcam
1507 1026 1697 1082 ferens
1731 1025 1940 1082 ductus

251 1114 353 1164 est.
438 1105 587 1162 Exin
629 1105 858 1162 cuidam
892 1105 1106 1161 rustico
1140 1104 1404 1162 Romano
1439 1105 1750 1162 dormienti
1782 1105 1940 1162 visus

252 1192 339 1243 est
380 1186 571 1242 venire
614 1185 712 1262 qui
755 1185 969 1241 diceret
1009 1185 1326 1260 praesulem
1362 1184 1471 1242 sibi
1505 1204 1623 1241 non
1656 1185 1940 1261 placuisse

253 1266 403 1323 ludis
435 1265 608 1341 idque
641 1264 713 1322 ab
747 1264 995 1322 eodem
981 1284 1199 1321 lussum
1228 1284 1349 1321 esse
1378 1284 1509 1322 eum
1540 1265 1763 1322 senatui
1796 1284 1941 1321 nun-

251 1347 426 1403 tiare:
469 1343 630 1402 illum
662 1364 779 1401 non
807 1363 928 1401 esse
957 1363 1175 1401 ausum.
1254 1343 1471 1401 Iterum
1501 1364 1621 1402 esse
1650 1344 1842 1402 idem
1827 1365 1941 1401 ius-

252 1445 380 1482 sum
425 1432 484 1481 et
524 1425 812 1482 monitum
854 1443 926 1481 ne
970 1424 1086 1480 vim
1130 1443 1290 1480 suam
1334 1424 1577 1500 experiri
1618 1424 1820 1481 vellet:
1863 1444 1939 1482 ne

252 1513 378 1563 tum
409 1504 641 1581 quidem
670 1523 791 1562 esse
819 1522 1037 1561 ausum.
1107 1504 1257 1560 Exin
1286 1502 1468 1560 filium
1498 1504 1619 1561 eius
1647 1523 1767 1560 esse
1789 1524 1941 1560 mor-

250 1589 432 1653 tuum,
465 1582 703 1639 eandem
749 1584 809 1639 in
839 1583 1057 1640 somnis
1091 1583 1546 1640 admonitionem
1577 1584 1752 1640 fuisse
1781 1584 1941 1641 terti-

252 1684 362 1723 am.
446 1664 597 1722 Tum
625 1662 785 1721 illum
821 1664 993 1721 etiam
1022 1662 1272 1731 debilem
1302 1664 1521 1721 factum
1550 1682 1671 1721 rem
1699 1663 1772 1720 ad
1800 1665 1942 1721 ami-

252 1765 350 1802 cos
378 1744 664 1814 detulisse,
692 1763 933 1821 quorum
958 1744 1029 1801 de
1053 1744 1336 1801 sententia
1357 1743 1618 1801 lecticula
1640 1745 1697 1801 in
1722 1745 1940 1801 curiam

253 1843 374 1882 esse
407 1823 676 1895 delatum,
702 1843 945 1901 cumque
980 1824 1202 1880 senatui
1232 1824 1518 1880 somnium
1550 1824 1938 1895 enarravisset‚

252 1903 496 1980 pedibus
525 1903 641 1959 suis
670 1902 888 1960 salvum
916 1904 1228 1961 revertisse.
1313 1903 1515 1979 Itaque
1539 1904 1763 1960 somnio
1786 1922 1942 1960 com-

254 1982 498 2060 probato
539 2001 574 2039 a
610 1990 810 2039 senatu
843 1983 1009 2040 ludos
1042 1983 1171 2040 illos
1206 1983 1411 2040 iterum
1447 1983 1791 2039 instauratos
1823 2002 1943 2040 me-

253 2063 468 2120 moriae
501 2062 797 2138 proditum
831 2070 932 2120 est.
1020 2068 1114 2119 56.
1160 2061 1223 2120 O.
1250 2081 1383 2119 vero
1417 2061 1707 2120 Gracchus
1739 2062 1943 2120 multis

254 2143 418 2211 dixit,
444 2151 507 2199 ut
535 2142 809 2217 scripturn
844 2143 999 2219 apud
1040 2142 1285 2199 eundem
1321 2142 1581 2200 Caelium
1616 2150 1716 2214 est,
1743 2141 1854 2199 sibi
1882 2143 1945 2198 in

255 2223 471 2280 somnis
517 2229 878 2299 quaesturam
919 2241 1037 2278 non
1077 2221 1301 2297 petenti
1341 2219 1428 2277 Ti.
1466 2221 1702 2278 fratrem
1750 2221 1941 2277 visum

255 2322 374 2360 esse
416 2302 619 2371 dicere,
659 2321 829 2392 quam
872 2302 1042 2359 vellet
1083 2306 1460 2370 cunctaretur,
1496 2307 1690 2357 tamen
1735 2300 1942 2357 eodem

256 2383 364 2440 sibi
394 2381 526 2453 leto,
552 2400 666 2458 quo
700 2382 823 2457 ipse
852 2381 1156 2451 interisset,
1180 2399 1300 2437 esse
1328 2380 1700 2456 pereundum.
1785 2379 1940 2450 Hoc,

255 2469 388 2520 ante
431 2480 603 2539 quam
636 2461 900 2518 tribunus
933 2460 1088 2537 plebi
1123 2459 1187 2517 C.
1225 2459 1517 2516 Gracchus
1549 2460 1738 2516 factus
1771 2467 1940 2530 esset,

256 2551 315 2600 et
349 2562 407 2600 se
440 2542 664 2598 audisse
699 2540 896 2597 scribit
929 2540 1157 2597 Caelius
1186 2546 1244 2596 et
1272 2539 1482 2597 dixisse
1509 2538 1722 2596 multis,
1808 2539 1944 2607 Quo

257 2623 482 2680 somnio
513 2621 694 2698 quid
680 2620 922 2677 inveniri
951 2626 1145 2696 potest
1172 2620 1417 2676 certius?

335 2701 595 2759 XXVII.
642 2701 832 2770 Quid?
874 2700 970 2757 illa
1002 2700 1119 2757 duo
1155 2699 1393 2770 somnia,
1425 2718 1569 2775 quae
1602 2697 1945 2756 creberrime

256 2789 778 2840 commemorantur
817 2799 852 2837 a
892 2779 1118 2850 Stoicis,
1151 2779 1279 2856 quis
1312 2779 1544 2836 tandem
1578 2785 1772 2855 potest
1810 2797 1947 2834 con-

256 2862 548 2919 temnere?
605 2879 784 2916 unum
834 2859 906 2917 de
956 2859 1288 2916 Simonide:
1349 2858 1449 2933 qui
1497 2878 1629 2915 cum
1673 2858 1945 2934 ignotum

258 2940 566 3016 quemdam
599 2940 918 3014 proiectum
951 2947 1247 2995 mortuum
1288 2937 1524 2995 vidisset
1561 2956 1807 3014 eumque
1843 2936 1949 2995 hu-

257 3019 527 3075 mavisset
566 3017 911 3095 haberetque
952 3019 1011 3074 in
1054 3019 1249 3074 animo
1291 3036 1494 3075 navem
1544 3016 1946 3089 conscendere,

258 3097 481 3154 moneri
510 3097 662 3152 visus
691 3105 777 3153 est
805 3117 876 3154 ne
904 3098 964 3153 id
992 3098 1207 3155 faceret
1235 3097 1305 3154 ab
1335 3116 1420 3164 cO,
1453 3116 1622 3174 quem
1653 3096 1952 3174 sepultura

261 3176 579 3233 adfecerat:
626 3175 674 3230 si
709 3176 1042 3252 navigasset,
1075 3196 1207 3233 eum
1242 3177 1544 3253 naufragio
1580 3197 1701 3235 esse
1734 3178 1949 3254 peritu-
