2205 3431
785 412 1425 487 FRAGMENTA.

368 663 466 712 EX
498 661 717 712 LIBRO
750 663 848 711 DE
882 662 1177 712 NATURA
1208 662 1516 713 DEORUM
1552 664 1833 716 TERTIO.

345 767 718 843 Intellegebat
748 767 948 825 Cicero
980 767 1013 794 “
1032 767 1178 824 falsa
1206 787 1325 825 esse
1355 787 1498 844 quae
1527 768 1789 827 homines
1816 772 1950 829 ado-

264 855 485 904 rarent:
522 867 654 904 nam
684 868 815 905 oum
844 847 1027 905 multa
1048 848 1300 919 dixisset,
1324 867 1466 924 quae
1495 849 1568 905 ad
1597 851 1947 907 eversionem

264 927 606 1002 religionum
636 928 939 997 valerent,’'
970 928 1051 985 ait
1078 924 1273 985 tamen
1306 928 1339 955 ‘⁴
1362 948 1478 984 non
1509 949 1628 987 esse
1658 929 1753 986 illa
1772 930 1949 1006 vulgo

263 1008 623 1084 disputanda,
649 1027 721 1064 ne
764 1014 1052 1083 susceptas
1084 1007 1313 1084 publice
1351 1007 1655 1084 religiones
1696 1010 1951 1087 disputa·

260 1087 347 1142 tio
389 1086 519 1144 talis
564 1087 945 1163 exstinguat.''
1053 1087 1385 1144 Lactantius
1426 1088 1564 1146 div.
1590 1090 1815 1162 instt„
1846 1090 1944 1148 lib.

264 1165 361 1235 ΙΙ.,
388 1186 433 1223 e.
463 1174 514 1224 3.

343 1289 543 1346 Cicero
573 1289 644 1347 de
672 1295 875 1346 natura
901 1290 1137 1347 deorum
1175 1289 1475 1366 disputans
1504 1291 1583 1348 sio
1612 1292 1723 1349 ait:
1771 1292 1804 1319 ‘⁴
1824 1292 1948 1349 Pri-

264 1389 421 1425 mum
451 1370 628 1446 igitur
654 1388 772 1425 non
802 1377 887 1426 est
917 1369 1211 1445 probabile
1246 1389 1371 1426 eam
1404 1371 1700 1427 materiam
1737 1391 1944 1444 rerum,

263 1450 414 1506 unde
449 1457 574 1506 orta
608 1457 742 1507 sunt
775 1450 985 1518 omnia,
1011 1469 1131 1506 esse
1167 1450 1361 1506 divina
1387 1451 1749 1527 providentia
1781 1453 1948 1510 effec-

260 1539 398 1598 tam,
424 1530 523 1586 sed
556 1529 764 1586 habere
806 1537 863 1586 et
896 1530 1162 1586 habuisse
1197 1530 1312 1585 vim
1358 1538 1415 1587 et
1457 1538 1718 1587 naturam
1763 1552 1942 1590 suam.

262 1610 348 1667 Ut
377 1610 553 1686 igitur
579 1609 756 1679 faber,
782 1629 913 1666 oum
949 1610 1088 1686 quid
1118 1609 1515 1667 aedificaturus
1550 1619 1650 1679 est,
1676 1630 1790 1667 non
1822 1613 1946 1688 ipse

220 1756 225 1761 0
260 1691 402 1748 facit
436 1690 750 1761 materiam,
776 1690 874 1747 sed
910 1709 976 1747 ea
1008 1690 1205 1760 utitur,
1234 1709 1377 1767 quae
1412 1691 1487 1747 sit
1521 1698 1732 1767 parata,
1759 1691 1947 1749 fictor-

262 1791 371 1847 que
402 1771 539 1828 item
570 1790 710 1841 cera,
738 1771 817 1828 sio
846 1771 940 1827 isti
968 1770 1363 1847 providentiae
1392 1771 1617 1828 divinae
1647 1774 1944 1831 materiam

261 1857 486 1927 praesto
537 1870 655 1907 esse
705 1852 978 1927 oportuit,
1015 1870 1132 1907 non
1184 1870 1354 1927 quam
1406 1851 1528 1927 ipso
1577 1852 1805 1923 faceret,
1843 1854 1945 1910 sed

262 1929 696 2007 quam'haberet
724 1937 995 2007 paratam.
1081 1930 1253 1998 Quod
1282 1931 1329 1986 si
1358 1950 1475 1988 non
1510 1939 1596 1988 est
1624 1951 1657 1988 a
1685 1931 1793 1988 deo
1827 1952 1947 1989 ma-

260 2011 403 2067 teria
430 2011 599 2080 faeta,
623 2030 695 2067 ne
724 2019 872 2067 terra
901 2010 1131 2087 quidem
1169 2017 1226 2066 et
1255 2029 1402 2086 aqua
1435 2018 1492 2067 et
1520 2018 1619 2068 aer
1646 2019 1703 2068 et
1731 2012 1883 2088 ignis
1912 2032 1948 2070 a

261 2090 369 2147 deo
398 2091 585 2147 factus
614 2090 755 2148 est.’'
840 2090 1002 2147 Idem
1031 2090 1170 2147 ibid.
1197 2089 1293 2160 ΙΙ.,
1318 2110 1364 2148 e.
1394 2096 1444 2148 8.

334 2217 567 2273 Adduci
585 2262 598 2274 .
620 2262 632 2275 .
655 2262 668 2274 .
683 2217 944 2289 primum
963 2217 1063 2272 hoc
1085 2224 1153 2272 ut
1175 2217 1469 2273 credamus
1489 2237 1601 2273 non
1614 2237 1943 2291 possumus,

260 2298 638 2353 immortalem
666 2298 833 2352 illam
854 2297 1524 2370 praestantissimamque
1556 2308 1829 2353 naturam
1858 2300 1948 2355 di-

260 2380 441 2435 visam
469 2396 577 2434 esse
596 2397 703 2450 per
729 2395 890 2433 sescus
918 2385 969 2433 et
997 2396 1106 2434 esse
1124 2384 1351 2450 partem
1381 2397 1559 2433 unam
1588 2397 1784 2448 mares,
1799 2394 1948 2451 par-

263 2468 368 2515 tem
390 2476 499 2515 esse
526 2458 588 2513 al
593 2466 766 2514 teram
773 2457 1045 2530 feminas.
1123 2458 1302 2529 Quem
1327 2458 1554 2530 quidem
1579 2459 1762 2513 locum
1775 2460 1948 2531 plene

258 2540 377 2594 iam
412 2538 636 2594 dudum
670 2537 921 2594 homines
948 2538 1194 2611 pectoris
1230 2539 1346 2593 vivi
1384 2546 1500 2594 tam
1535 2538 1817 2594 Romanis
1852 2539 1949 2594 lit-

262 2620 393 2675 teris
413 2618 749 2692 explicavere
772 2637 946 2690 quam
978 2618 1223 2689 Graecis,
1242 2626 1292 2674 et
1314 2626 1444 2675 ante
1466 2638 1652 2675 omnes
1683 2618 1941 2690 Tullius,

260 2699 511 2755 Romani
545 2699 953 2755 disertissimus
982 2700 1216 2772 yeneris‚
1240 2700 1468 2756 nullam
1504 2699 1716 2756 veritus
1749 2699 1948 2771 impie-

262 2780 396 2835 tatis
418 2779 714 2850 invidiam‚
736 2780 988 2852 infinite,
1014 2786 1328 2835 constanter
1350 2788 1401 2835 et
1424 2780 1589 2835 libere
1611 2779 1754 2852 quid
1773 2797 1948 2851 super

262 2860 368 2913 tali
396 2859 655 2931 opinione
683 2861 910 2916 sentiret
928 2861 1142 2932 pietate
1175 2879 1303 2914 cum
1339 2860 1550 2915 maiore
1585 2859 1942 2917 monstravit.

262 2939 317 2993 A
354 2956 464 3009 quo
499 2939 548 2992 si
577 2958 663 2993 res
696 2959 910 2995 sumere
944 2940 1148 2995 iudicii
1182 2940 1412 2996 veritate
1446 2940 1803 3012 conscriptas,
1829 2959 1947 2995 non

261 3018 553 3072 verborum
585 3018 924 3074 luculentias
937 3019 1258 3090 pemeretis,
1274 3027 1545 3091 perorata
1574 3027 1708 3075 esset
1735 3026 1785 3074 et
1809 3019 1947 3075 haec

261 3114 433 3151 causa
476 3114 569 3150 nec
612 3097 897 3165 secundas,
922 3105 988 3151 ut
1022 3099 1252 3167 dicitur,
1278 3099 1521 3154 actiones
1561 3099 1720 3154 nobis
1752 3099 1822 3153 ab
1857 3099 1947 3155 in-

270 3174 536 3247 fantibus
568 3174 902 3245 postularet.
1006 3175 1124 3232 Sed
1164 3177 1307 3249 quid
1347 3178 1597 3251 aucupia
1646 3179 1945 3236 verborum
