2205 3431
832 518 1542 596 FRAGMENTA

953 703 1180 755 HUIUS
1217 703 1424 753 LIBRI

1163 836 1209 894 Ι.

433 957 657 1018 Gellius
696 966 836 1017 noct.
875 958 1051 1018 Attio.
1082 959 1181 1018 lib.
1213 958 1348 1019 VII.
1392 954 1571 1036 (VI.)‚
1602 979 1723 1036 cap.
1763 964 1817 1032 2,
1849 956 1883 1037 ἓ
1933 965 2024 1018 15.

346 1037 547 1117 Itaque
576 1040 653 1098 M.
679 1039 880 1098 Cicero
908 1041 970 1097 in
999 1040 1162 1112 libro,
1190 1059 1359 1117 quem
1391 1039 1425 1066 “
1442 1039 1512 1096 de
1540 1040 1664 1096 fato
1685 1039 1717 1066 ’'
1748 1040 2029 1116 conscrip-

346 1121 437 1192 sit,
468 1140 600 1178 cum
647 1121 1038 1197 quaestionem
1085 1120 1256 1177 istam
1307 1120 1521 1177 diceret
1569 1119 2029 1176 obscurissimam

345 1219 466 1258 esse
507 1206 567 1258 et
598 1200 1128 1277 implicatissimam,
1160 1198 1550 1276 Chrysippum
1588 1217 1813 1275 quoque
1848 1199 2031 1276 philo-

345 1280 591 1357 sophum
636 1300 754 1337 non
799 1280 1093 1357 expedisse
1139 1298 1198 1336 se
1241 1280 1302 1336 in
1346 1298 1414 1336 ea
1455 1279 1631 1336 refert
1675 1278 1765 1335 his
1808 1278 2025 1336 verbis:

346 1359 759 1438 “Chrysippus
787 1367 1050 1418 aestuans
1070 1357 1445 1436 laboransque
1475 1377 1719 1434 quonam
1745 1366 1915 1435 pacto
1939 1378 2028 1415 ex-

343 1440 519 1517 plicet
547 1448 606 1498 et
632 1442 757 1498 fato
791 1440 986 1497 omnia
1012 1439 1135 1498 fieri
1164 1445 1222 1497 et
1250 1458 1370 1497 esse
1404 1438 1663 1516 aliquid
1649 1458 1708 1496 1n
1738 1437 2023 1511 nobi8‚1n‹

342 1520 580 1579 tricatur
606 1520 717 1578 hoc
744 1519 976 1578 modoss’

1142 1665 1217 1725 II.

421 1790 752 1849 Macrobius
790 1789 1093 1849 saturnal.
1127 1790 1224 1848 lib.
1258 1789 1384 1861 ΙΙΙ.,
1417 1810 1540 1867 cap.
1569 1795 1661 1861 16,
1694 1786 1728 1867 ἓ
1761 1796 1794 1846 3
1826 1809 1907 1867 sq.
1935 1790 2022 1849 ed.

342 1869 461 1929 Ian.
546 1871 638 1943 Et,
669 1890 743 1928 ne
776 1871 943 1928 vilior
976 1871 1051 1928 sit
1084 1871 1248 1928 testis
1280 1877 1473 1946 poeta,
1505 1870 1745 1947 accipite
1778 1870 2027 1927 adserto·

341 1969 401 2007 re
443 1950 717 2008 Cicerone
759 1950 819 2007 in
863 1969 978 2027 quo
1020 1950 1239 2008 honore
1280 1950 1457 2008 fuerit
1506 1950 1599 2007 hic
1647 1950 1822 2027 piscis
1870 1951 2026 2026 apud

341 2029 405 2089 P.
425 2030 753 2108 Scipionem
771 2029 1114 2088 Africanum
1132 2030 1293 2087 illum
1313 2038 1371 2087 et
1389 2030 1826 2088 Numantinum.
1862 2029 2024 2087 Haec

340 2120 474 2168 sunt
507 2113 567 2168 in
602 2111 883 2188 dialogo‘
890 2110 995 2168 ‘de
1028 2110 1206 2167 fato''
1241 2110 1414 2167 verba
1454 2110 1775 2168 CiceroniS.
1822 2110 2024 2167 “Nam

339 2210 472 2248 cum
499 2197 648 2248 esset
674 2191 830 2266 apud
852 2208 910 2247 se
938 2190 1012 2247 ad
1033 2189 1375 2247 Lavernium
1398 2189 1594 2268 Scipio
1621 2209 1848 2267 unaque
1870 2189 2022 2247 Pon-

336 2272 469 2343 tiuS‚
494 2269 716 2328 adlatus
750 2276 837 2327 est
868 2270 1021 2328 forte
1050 2270 1310 2363 Scipioni
1337 2271 1677 2347 accipenser‚
1703 2271 1803 2346 qui
1830 2270 2024 2327 admo

337 2351 476 2408 dum
508 2369 636 2408 raro
679 2350 916 2427 capitur,
943 2350 1042 2407 sed
1075 2357 1164 2408 est
1196 2350 1384 2428 piscis»,
1414 2357 1481 2408 ut
1512 2350 1725 2422 ferunt,
1756 2350 2022 2442 inprimis

336 2431 561 2488 nobilis,
639 2429 788 2487 Cum
817 2436 1008 2488 autem
1039 2429 1236 2507 Scipio
1264 2451 1445 2489 unum
1474 2436 1533 2488 et
1562 2430 1804 2488 alterum
1833 2450 1902 2487 ex
1931 2431 2018 2501 iis,

337 2511 437 2586 qui
477 2528 608 2568 eum
652 2510 961 2567 salutatum
1002 2518 1291 2584 venerant,
1323 2511 1678 2569 invitavisset
1718 2510 2021 2587 pluresque

335 2590 507 2648 etiam
532 2590 881 2648 invitaturus
913 2590 1217 2663 videretur,
1239 2592 1299 2649 in
1329 2611 1522 2649 aurem
1552 2589 1833 2648 Pontius:
1871 2590 1885 2616 ‘
1906 2589 2023 2646 Sci-

334 2670 466 2746 pio’
502 2670 693 2748 inquit
728 2671 891 2728 ‘vide
935 2671 1075 2746 quid
1109 2690 1274 2747 agas:
1319 2671 1642 2748 accipenser
1674 2670 1782 2727 iste
1816 2687 2022 2747 pauco-

334 2768 459 2805 rum
489 2750 791 2807 hominum
821 2750 941 2807 est.'
965 2750 996 2777 ’'
