2205 3431
240 117 304 161 20
678 115 778 163 DE
810 116 912 163 NA
914 116 959 164 Τ
966 116 1112 164 URA
1144 116 1463 166 DEORUM.

1525 174 1551 186 κ

239 217 488 272 formam
531 224 590 273 et
629 217 808 273 vitam
851 224 909 274 et
950 217 1238 275 actionem
1278 218 1490 276 mentis
1531 226 1702 296 atque
1744 221 1921 297 agita-

240 296 455 353 tionem
488 296 549 352 in
577 297 703 354 deo,

321 375 550 433 XVIII.
636 381 730 433 46.
776 376 865 433 Ac
895 377 967 434 de
995 377 1187 434 forma
1214 378 1447 455 quidem
1471 379 1688 455 ⁴partim
1717 387 1921 437 natura

241 475 347 512 nos
375 456 663 527 admonet,
684 457 894 532 partim
925 457 1068 513 ratio
1098 457 1283 515 docet.
1368 458 1520 515 Nam
1549 479 1583 516 a
1603 467 1805 516 natura
1825 460 1920 517 ha-

240 535 441 592 bemus
465 556 663 593 omnes
685 537 943 593 omnium
966 537 1228 612 gentium
1252 538 1498 613 speciem
1517 539 1728 596 nullam
1750 540 1917 596 aliam

240 615 352 671 nisi
386 615 694 672 humanam
728 616 982 672 deorum.
1069 616 1228 683 Quae
1269 618 1423 673 enim
1458 619 1646 675 forma
1688 619 1798 676 alia
1830 638 1920 676 oc-

240 695 416 752 currit
439 714 710 771 umquam
740 703 840 752 aut
862 695 1122 772 vigilanti
1152 696 1418 773 cuiquam
1447 705 1547 754 aut
1574 698 1920 756 dormienti?

240 773 372 845 Sed,
404 793 475 831 ne
511 776 705 831 omnia
737 784 1071 832 revocentur
1106 775 1179 832 ad
1213 777 1426 853 primas
1461 778 1740 849 notioneS,
1771 779 1917 836 ratio

240 853 351 910 hoc
399 854 553 911 idem
604 856 729 931 ipsa
773 855 1034 912 declarat.
1121 856 1215 913 47.
1262 856 1413 913 Nam
1458 877 1589 914 cum
1633 865 1920 934 praestan·

240 934 521 991 tissimam
563 943 843 1006 naturam,
868 935 957 992 vel
993 935 1128 1011 quia
1160 935 1328 993 beata
1360 943 1447 993 est
1480 937 1567 994 vel
1603 937 1736 1013 quia
1778 958 1920 995 sem-

239 1014 480 1089 piterna,
512 1015 814 1072 convenire
847 1015 1108 1072 videatur
1167 1016 1407 1075 eandem
1454 1037 1573 1076 esse
1615 1018 1921 1092 pulcherri-

240 1113 412 1165 mam,
438 1113 582 1171 quae
611 1095 956 1172 compositio
985 1094 1392 1166 membrorum,
1426 1113 1570 1172 quae
1599 1097 1923 1155 conforma*

240 1174 324 1230 tio
355 1173 846 1245 lineamentorum,
868 1194 1011 1251 quae
1039 1174 1237 1251 figura,
1261 1194 1404 1251 quae
1434 1176 1649 1251 species
1669 1175 1920 1233 humana

240 1262 434 1330 potest
462 1274 581 1312 esse
610 1254 936 1331 pulchrior?
998 1255 1123 1312 Vos
1153 1254 1403 1332 quidem,
1424 1254 1623 1326 Lucili,
1645 1255 1919 1313 soletis—-

239 1353 374 1390 nam
417 1334 592 1391 Cotta
633 1354 792 1391 meus
836 1335 1012 1391 modo
1058 1333 1187 1405 hoc,
1218 1334 1395 1391 modo
1436 1335 1794 1393 illud—cum
1836 1355 1919 1392 ar-

239 1414 481 1472 tificium
527 1413 798 1491 effingitis
843 1414 1233 1492 fabricamque
1284 1415 1554 1485 divinam,
1587 1435 1757 1492 quam
1803 1416 1919 1472 sint

239 1494 435 1551 onmia
466 1494 527 1551 in
561 1494 813 1552 hominis
841 1494 1023 1572 figura
1054 1514 1173 1552 non
1207 1494 1383 1551 modo
1413 1495 1486 1551 ad
1515 1515 1698 1565 usum,
1720 1515 1917 1552 verum

238 1574 415 1631 etiam
449 1575 522 1631 ad
550 1582 908 1633 venustatem
943 1582 1079 1651 apta
1113 1574 1444 1632 describere.
1531 1580 1623 1632 48.
1662 1574 1834 1643 Quod
1871 1575 1919 1632 si

239 1655 499 1712 omnium
535 1655 913 1712 animantium
942 1655 1192 1711 formam
1222 1654 1400 1711 vincit
1434 1654 1685 1711 hominis
1718 1654 1915 1732 figura,

238 1736 379 1792 deus
413 1744 605 1793 autem
641 1736 900 1793 animans
929 1743 1030 1806 est,
1064 1755 1131 1792 ea
1159 1735 1341 1811 figura
1368 1736 1629 1812 profecto
1660 1744 1746 1792 cst
1775 1755 1919 1812 quae

237 1815 620 1891 pulcherrima
653 1823 739 1872 est
773 1815 1049 1886 omnium,
1084 1816 1470 1892 quoniamque
1499 1815 1639 1872 deos
1667 1814 1920 1872 beatissi-

236 1915 365 1952 mos
419 1915 539 1953 esse
589 1902 829 1967 constat,
873 1895 1073 1952 beatus
1123 1903 1318 1953 autem
1369 1915 1488 1952 esse
1538 1895 1659 1952 sine
1709 1896 1918 1953 virtute

238 1995 407 2033 nemo
456 1983 649 2052 potest
691 1995 794 2032 nec
838 1975 1016 2032 virtus
1066 1976 1188 2032 sine
1238 1976 1460 2032 ratione
1503 1983 1763 2032 constare
1813 1994 1917 2032 ncc

238 2055 384 2113 ratio
419 2075 660 2132 usquam
695 2056 875 2113 inesse
909 2055 1019 2112 nisi
1054 2055 1116 2112 in
1150 2054 1404 2113 hominis
1437 2054 1635 2132 figura,
1666 2055 1919 2112 hominis

238 2155 356 2192 esse
386 2136 573 2211 specie
603 2135 740 2192 deos
769 2134 1161 2192 confitendum
1192 2143 1292 2193 est.
1366 2140 1460 2192 49.
1493 2135 1551 2191 N
1553 2154 1614 2192 ec
1638 2141 1830 2192 tamen
1854 2154 1921 2191 ea

236 2216 452 2291 species
475 2234 680 2291 corpus
703 2224 804 2286 est,
826 2215 925 2272 sed
945 2216 1107 2293 quasi
1126 2234 1349 2291 corp11S,
1372 2234 1476 2272 nec
1500 2215 1673 2272 habet
1696 2215 1920 2290 sangui-

236 2315 386 2365 nem,
419 2294 518 2352 scd
547 2296 707 2372 quasi
736 2295 1089 2372 sanguinem.
1175 2295 1342 2353 XIX.
1381 2295 1542 2352 Haec
1572 2314 1920 2373 quamquam

236 2383 295 2432 ct
317 2375 547 2432 inventa
577 2382 710 2431 sunt
738 2376 960 2432 acutius
988 2383 1047 2433 et
1075 2375 1230 2432 dicta
1259 2375 1525 2432 subtilius
1553 2375 1625 2432 ab
1648 2375 1916 2451 EpicurO,

237 2474 408 2531 quam
439 2463 504 2512 ut
534 2455 720 2531 quivis
748 2475 813 2512 ea
839 2456 1021 2532 possit
1049 2475 1373 2532 agnoscere,
1405 2462 1596 2513 tamen
1627 2456 1809 2512 fretus
1836 2455 1921 2511 in-

236 2534 565 2612 tellegentia
604 2544 787 2593 vestra
824 2536 1039 2593 dissero
1082 2535 1309 2593 brevius
1353 2555 1524 2613 quam
1567 2554 1736 2592 causa
1776 2534 1921 2591 desi-

235 2616 412 2673 derat.
498 2615 781 2693 Epicurus
814 2623 1023 2686 autem,
1057 2617 1157 2693 qui
1190 2636 1279 2673 res
1314 2615 1564 2673 occultas
1597 2623 1656 2672 613
1688 2615 1919 2691 penitus

235 2695 461 2752 abditas
489 2715 606 2752 non
636 2696 811 2753 modo
843 2696 1060 2753 viderat
1088 2697 1300 2766 animo,
1334 2696 1429 2753 scd
1464 2696 1638 2753 etiam
1668 2696 1749 2752 sic
1778 2702 1919 2752 trac-

236 2770 338 2845 tat,
370 2783 435 2832 ut
476 2795 667 2847 manu,
699 2776 869 2833 docet
910 2795 1035 2833 eam
1078 2796 1197 2833 esse
1232 2776 1347 2832 vim
1391 2784 1450 2833 et
1490 2785 1751 2833 naturam
1787 2774 1920 2832 deo·

160 2853 193 2891 ‘³
237 2874 381 2924 rum,
414 2862 479 2913 ut
506 2856 757 2932 primum
788 2875 904 2913 non
934 2876 1119 2926 sensu,
1152 2856 1252 2913 sed
1280 2863 1474 2913 mente
1503 2862 1781 2926 cernatur,
1812 2874 1918 2912 nec

235 2935 526 2993 soliditate
556 2935 802 3011 quadam
839 2954 943 2993 nec
977 2937 1051 2992 ad
1085 2955 1404 3006 numerum,
1436 2944 1502 2993 ut
1536 2955 1616 3005 ea,
1651 2954 1794 3012 quae
1823 2934 1918 2992 illc

237 3022 473 3091 propter
494 3014 826 3072 firmitatem
850 3017 1134 3091 στερέμνια
1161 3016 1425 3092 appellat,
1449 3016 1548 3072 scd
1572 3014 1919 3090 imaginibus

237 3094 613 3152 similitudine
664 3102 722 3151 613
764 3096 1101 3152 transitione
1146 3096 1463 3172 perceptis:
1516 3114 1646 3151 cum
1693 3094 1919 3152 infinita

238 3174 654 3231 simillimarum
697 3174 1015 3249 imaginum
1057 3175 1272 3250 species
1306 3195 1374 3232 ex
1408 3174 1917 3236 innumerabilibus
