2205 3431
601 158 741 206 Lm.
764 157 862 217 11.,
885 156 1041 206 CAP.
1064 157 1410 219 XLV11.-L.,
1436 157 1463 218 ς
1490 161 1732 207 121-126.
1944 163 2005 210 91

268 267 273 270 “
331 257 520 315 videre
536 265 863 333 potuerunt.
932 257 1175 315 Tantam
1198 259 1457 335 ingenuit
1475 261 1859 318 animantibus
1880 281 2009 318 con-

329 338 590 395 servandi
624 338 710 394 sui
744 345 948 394 natura
981 338 1320 396 custodiam.
1404 339 1622 398 XLIX.
1660 340 1800 416 Legi
1834 342 2008 398 etiam

328 418 604 494 scriptum
633 437 753 474 esse
781 436 940 473 avem
983 417 1287 494 quandam,
1314 437 1456 495 quae
1485 419 1726 495 platalea
1753 423 2008 478 nomina-

326 505 513 555 retur:
559 516 682 554 eam
719 496 827 554 sibi
862 496 1054 554 cibum
1091 516 1357 574 quaerere
1398 497 1758 555 advolantem
1803 499 1876 556 ad
1915 519 2007 557 eas

326 597 472 646 aveS,
498 596 641 653 quae
675 596 734 634 se
767 577 826 633 in
860 577 1005 633 mari
1040 584 1378 652 mergerent,
1404 597 1548 653 quae
1589 597 1721 635 cum
1756 580 2007 636 emersis-

326 665 452 713 sent
493 657 821 733 piscemque
863 656 1164 732 cepissent,
1191 675 1368 733 usque
1410 676 1478 714 eo
1515 677 1771 734 premere
1813 678 2006 716 earum

325 737 514 813 capita
531 737 835 808 mordicuS,
852 736 988 793 dum
1011 736 1139 793 illae
1158 744 1390 813 captum
1408 738 1752 809 amitterent,
1770 738 1830 795 id
1851 739 2006 815 quod

326 816 449 893 ipsa
466 817 773 874 invaderet.
841 816 1173 893 Eademque
1192 816 1329 873 haec
1351 817 1470 873 avis
1488 817 1752 874 scribitur
1772 819 2005 876 conchis

325 915 383 952 se
413 897 591 954 solere
620 896 920 972 complere,
942 915 1035 953 eas
1057 915 1187 953 cum
1219 896 1499 953 stomachi
1522 898 1705 955 calore
1734 917 2005 956 concoxe-

323 976 416 1046 rit,
442 995 702 1033 evomere
736 983 907 1053 atque
941 976 1023 1033 ita
1056 976 1265 1052 eligere
1298 996 1368 1033 ex
1401 977 1472 1033 iis
1506 997 1650 1054 quae
1684 985 1818 1034 sunt
1851 997 2004 1036 escu-

322 1054 489 1113 lenta.
580 1062 710 1114 125.
746 1055 939 1113 Ranae
968 1063 1159 1113 autem
1187 1057 1440 1113 marinae
1468 1057 1738 1114 dicuntur
1766 1057 2002 1116 obruere

323 1155 443 1192 sese
477 1135 687 1192 harena
724 1135 902 1193 solere
940 1142 999 1194 et
1030 1136 1249 1193 moveri
1282 1155 1462 1213 prope
1501 1156 1724 1213 aquam,
1755 1137 1830 1194 ad
1863 1157 2002 1229 quas

323 1216 484 1291 quasi
505 1216 578 1272 ad
600 1235 784 1273 escam
814 1216 997 1292 pisces
1025 1235 1158 1273 cum
1186 1216 1537 1286 accesserint,
1558 1216 1762 1274 confici
1789 1236 1823 1274 a
1849 1218 2001 1275 ranis

320 1302 493 1372 atque
535 1296 810 1353 consumi.
896 1295 1076 1353 Miluo
1120 1303 1207 1353 est
1249 1296 1540 1372 quoddam
1582 1296 1794 1353 bellum
1839 1298 2000 1374 quasi

319 1375 573 1433 naturale
607 1394 737 1432 cum
773 1393 976 1433 corvo:
1022 1394 1158 1451 ergo
1202 1375 1343 1432 alter
1382 1375 1612 1433 alterius
1653 1376 1999 1453 ubicumque

318 1462 519 1511 nactus
567 1461 654 1512 est
703 1474 811 1511 ova
857 1455 1090 1532 frangit.
1194 1455 1346 1512 Illud
1389 1475 1524 1513 vero
1573 1455 1645 1512 ab
1686 1456 1998 1514 Aristotele

318 1534 791 1605 animadversum,
821 1554 856 1591 a
894 1554 1008 1611 quo
1041 1534 1327 1612 pleraque,
1358 1536 1487 1611 quis
1519 1543 1712 1613 potest
1745 1555 1860 1593 non
1894 1537 1999 1593 mi-

316 1615 462 1672 rari?
529 1614 711 1671 Grues
739 1633 868 1672 cum
893 1615 1018 1672 loca
1045 1614 1315 1672 calidiora
1336 1622 1595 1692 petentes
1622 1616 1801 1672 maria
1821 1623 1998 1673 trans-

315 1694 566 1766 mittant,
588 1694 857 1771 trianguli
881 1694 1098 1754 efficere
1120 1695 1387 1767 formam,
1406 1695 1529 1753 eius
1556 1702 1747 1754 autem
1770 1715 1995 1754 summo

315 1776 525 1851 angulo
554 1783 653 1832 aer
682 1776 753 1832 ab
782 1776 853 1833 iis
881 1775 1149 1833 adversus
1176 1776 1423 1853 pellitur,
1449 1775 1656 1834 deinde
1685 1777 1893 1834 sensim
1923 1777 1996 1834 ab

315 1861 558 1932 utroque
588 1855 776 1927 latere,
794 1863 1090 1933 tamquam
1120 1857 1307 1925 remiS,
1327 1857 1410 1913 ita
1429 1857 1633 1932 pennis
1661 1876 1856 1914 cursus
1884 1858 1997 1914 avi-

313 1954 412 1991 um
455 1935 686 1993 levatur.
769 1935 937 1993 Basis
977 1944 1171 1993 autem
1211 1936 1499 2012 trianguli,
1532 1956 1702 2014 quem
1744 1936 1995 1996 efficiunt

312 2033 496 2090 grueS,
523 2034 590 2072 ea
616 2021 909 2092 tamquam
946 2035 980 2072 a
1011 2016 1196 2093 puppi
1222 2017 1409 2072 ventis
1443 2016 1758 2087 adiuvatur,
1784 2036 1994 2094 eaeque

312 2094 372 2150 in
395 2102 558 2171 tergo
581 2095 1034 2171 praevolantium
1058 2096 1204 2152 colla
1225 2104 1282 2152 et
1303 2096 1493 2172 capita
1513 2104 1814 2173 reponunt,
1838 2097 1995 2173 quod

313 2175 447 2251 quia
474 2175 599 2251 ipse
632 2174 748 2232 dux
777 2175 965 2233 facere
997 2194 1116 2231 non
1150 2182 1358 2251 potest,
1386 2176 1519 2252 quia
1551 2195 1668 2233 non
1697 2175 1872 2234 habet
1900 2179 1994 2234 cui

309 2254 604 2326 innitatur,
630 2255 860 2326 revolat,
886 2262 952 2312 ut
986 2256 1108 2332 ipse
1145 2274 1370 2332 quoque
1405 2255 1673 2332 quiescat.
1758 2256 1837 2313 In‘
1872 2257 1993 2314 eius

309 2333 499 2391 locum
530 2334 785 2392 succedit
813 2354 882 2392 ex
910 2335 997 2406 iis,
1024 2354 1168 2412 quae
1201 2336 1550 2412 acquierunt‚
1576 2354 1753 2413 eaque
1782 2336 1993 2394 vicissi-

309 2413 452 2471 tudo
494 2415 554 2470 in
599 2415 759 2471 omni
792 2434 958 2471 cursu
1000 2422 1382 2472 conservatur.
1470 2421 1600 2472 126.
1647 2415 1830 2473 Multa
1870 2417 1992 2473 eins

309 2493 468 2550 modi
490 2493 746 2569 proferre
768 2514 1017 2571 possum,
1036 2494 1135 2552 sed
1158 2513 1338 2571 genus
1365 2495 1554 2571 ipsum
1578 2495 1799 2552 videtis,
1868 2495 1989 2553 Iam

308 2592 441 2630 vero
474 2573 572 2630 illa
608 2574 782 2631 etiam
824 2575 1065 2644 notiora,
1092 2582 1307 2651 quanto
1351 2594 1409 2631 se
1452 2593 1622 2651 opere
1665 2575 1991 2633 custodiant

307 2651 538 2724 bestiae,
565 2661 629 2711 ut
671 2654 730 2710 in
773 2661 940 2730 pastu
983 2655 1474 2730 circumspectent,
1500 2661 1565 2711 ut
1606 2654 1664 2710 in
1708 2654 1990 2712 cubilibus

305 2731 647 2790 delitiscant.
734 2733 794 2790 L.
820 2734 1016 2810 Atque
1058 2733 1156 2790 illa
1195 2733 1511 2791 mirabilia:
1556 2734 1698 2811 quid
1738 2753 1819 2805 ea,
1846 2754 1989 2811 quae

305 2831 503 2889 nuper,
529 2813 592 2870 id
619 2819 721 2884 est,
742 2813 936 2890 paucis
964 2819 1098 2870 ante
1128 2813 1339 2884 saecliS‚
1360 2814 1713 2871 medicorum
1744 2814 1990 2892 ingeniis

305 2899 529 2969 reperta
570 2894 739 2950 sunt?
812 2893 1152 2950 Vomitione
1194 2912 1377 2964 caneS,
1412 2894 1752 2970 purgatione
1796 2903 1986 2952 autem

305 2971 462 3028 alvos
495 2972 620 3029 ibes
652 2972 978 3049 Aegyptiae
1012 2979 1228 3030 curant.
1314 2972 1599 3030 Auditum
1635 2982 1720 3030 est
1752 2975 1988 3050 panthe-

306 3070 410 3121 ras,
443 3071 585 3127 quae
620 3052 678 3109 in
715 3052 972 3109 barbaria
1001 3060 1276 3110 venenata
1317 3072 1483 3111 carne
1525 3061 1876 3130 caperentur,
1907 3074 1987 3110 re-

305 3131 561 3188 medium
593 3132 883 3209 quoddam
914 3131 1136 3203 habere,
1163 3152 1275 3210 quo
1311 3152 1442 3189 cum
1478 3140 1666 3190 essent
1694 3152 1842 3203 usae,
1868 3153 1985 3189 non

304 3218 675 3283 morerentur,
697 3231 893 3287 capras
926 3220 1118 3270 autem
1154 3213 1213 3269 in
1248 3212 1418 3270 Creta
1444 3212 1609 3283 feras,
1634 3231 1765 3269 cum
1799 3218 1984 3268 essent

1997 3276 2092 3339 1
