2205 3431
273 531 365 583 18.

266 1771 358 1824 19.

261 1960 400 2020 XII.

260 2554 355 2607 20.

631 113 768 163 LIB.
792 113 861 175 1.,
884 112 1040 163 CAP.
1065 112 1351 174 IX.-XII.,
1373 112 1403 173 ἓ
1429 116 1605 163 15-20.
1859 116 1957 163 153

468 213 552 273 Et,
575 213 617 261 si
641 212 890 261 stellarum
913 219 1076 259 motus
1098 226 1366 274 cursusque
1386 222 1623 272 vagantes

467 279 630 327 Nosse
651 278 786 337 velis,
812 292 938 339 quae
962 277 1062 325 sint
1085 278 1334 336 signorum
1359 278 1410 324 in
1436 277 1552 325 sede
1576 277 1785 339 locatae,

462 344 605 403 Quae
627 344 776 391 verbo
798 354 847 391 et
869 342 1005 390 falsis
1029 342 1295 391 Graiorum
1319 342 1518 390 vocibus
1536 351 1715 403 errant,

467 410 543 457 Re
564 424 679 457 vera
701 417 837 456 certo
858 408 996 469 lapsu
1020 408 1280 470 spatioque
1300 407 1538 466 feruntur',

467 474 650 523 Omnia
672 474 773 522 iam
796 488 966 522 cernes
989 472 1158 520 divina
1179 482 1347 521 mente
1372 481 1557 522 notata.

466 540 600 587 Nam
617 539 832 601 primum
849 547 1096 586 astrorum
1114 538 1335 586 volucres
1352 547 1401 586 te
1418 539 1617 586 consule
1635 547 1801 588 motus

465 604 848 666 Concursusque
869 618 1043 664 graves
1064 604 1319 651 stellarum
1340 603 1517 652 ardore
1540 604 1778 652 micantes

464 670 545 717 Tu
561 683 770 732 quoque,
791 684 906 717 cum
925 668 1142 717 tumulos
1158 668 1357 716 Albano
1374 669 1426 716 in
1444 678 1612 717 monte
1625 670 1814 719 nivales

462 735 708 782 Lustrasti
730 743 781 783 et
802 734 934 783 laeto
952 733 1182 782 mactasti
1202 733 1333 782 lacte
1354 735 1578 794 Latinas,

462 799 650 847 Vidisti
673 808 723 848 et
745 799 880 847 claro
902 799 1137 847 tremulos
1160 800 1337 847 ardore
1358 810 1593 858 cometas,

462 865 721 927 Multaque
740 864 937 913 misceri
958 872 1203 911 nocturna
1224 872 1388 925 strage
1410 866 1590 926 putasti
1612 882 1623 912 ε

463 929 610 989 Quod
633 931 787 979 ferme
809 931 973 978 dirum
994 929 1047 977 in
1069 938 1265 991 tempus
1287 930 1508 978 cecidere
1530 931 1755 991 Latinae,

464 997 593 1043 Cum
615 995 801 1043 claram
823 995 1036 1057 speciem
1060 1005 1290 1043 concreto
1312 994 1499 1044 lumine
1521 995 1640 1043 luna

463 1060 674 1108 Abdidit
697 1069 746 1108 et
770 1061 932 1108 subito
956 1060 1172 1108 stellanti
1194 1069 1340 1108 nocte
1363 1071 1616 1122 perempta
1639 1070 1729 1110 est.

464 1125 599 1184 Quid
622 1140 738 1175 vero
759 1126 952 1174 Phoebi
974 1126 1078 1184 fax,
1102 1126 1253 1172 tristis
1276 1126 1451 1173 nuntia
1473 1126 1602 1184 belli,

462 1191 605 1249 Quae
622 1206 861 1251 magnum
878 1190 940 1238 ad
959 1190 1185 1239 columen
1202 1190 1459 1239 flammato
1475 1191 1651 1239 ardore
1669 1190 1883 1253 volabat,

462 1256 762 1317 Praecipites
784 1255 905 1305 caeli
929 1266 1091 1318 partes
1113 1255 1373 1318 obitusque
1395 1257 1650 1318 petissens,

461 1322 570 1369 Aut
592 1336 706 1369 cum
732 1321 934 1370 terribili
960 1335 1220 1382 percussus
1245 1320 1451 1369 fulmine
1477 1322 1598 1370 civis

463 1387 600 1434 Luce
623 1386 872 1435 serenanti
893 1386 1065 1434 vitalia
1089 1386 1278 1433 lumina
1300 1384 1461 1449 liquit,

461 1453 567 1500 Aut
591 1466 708 1499 cum
731 1468 784 1500 se
806 1451 1013 1510 gravido
1036 1451 1310 1499 tremefecit
1332 1466 1535 1513 corpore
1556 1452 1700 1501 tellus
1714 1454 1741 1501 ’ἓ

462 1517 571 1564 Iam
596 1532 711 1565 vero
734 1518 899 1566 variae
920 1525 1165 1564 nocturno
1188 1527 1409 1578 tempore
1431 1517 1565 1565 visae

460 1582 725 1631 Terribiles
744 1584 933 1630 formae
959 1582 1140 1631 bellum
1161 1589 1424 1646 motusque
1445 1583 1732 1643 monebant,

459 1647 721 1710 Multaque
744 1663 830 1710 per
855 1656 1008 1695 terras
1030 1656 1167 1695 vates
1190 1647 1355 1695 oracla
1376 1648 1559 1695 furenti

460 1713 669 1762 Pectore
691 1712 978 1773 fundebant,
1000 1713 1163 1761 tristes
1186 1713 1468 1761 minitantia
1491 1729 1648 1773 casus,

459 1779 626 1841 Atque
648 1794 723 1839 ea,
747 1794 875 1842 quae
897 1779 1036 1842 lapsu
1060 1779 1261 1827 tandem
1286 1779 1505 1828 cecidere
1527 1788 1736 1840 vetusto,

460 1845 601 1893 Haec
623 1845 727 1893 fore
749 1845 996 1907 perpetuis
1019 1844 1172 1904 signis
1195 1844 1439 1906 clarisque
1461 1845 1782 1907 frequentans

458 1911 572 1971 lpse
593 1910 740 1958 deum
763 1910 957 1969 genitor
975 1910 1114 1958 caelo
1136 1910 1372 1972 terrisque
1394 1911 1615 1959 canebat.

457 1976 604 2022 Nunc
621 1990 694 2034 ea,
714 1977 966 2037 Torquato
983 1990 1111 2038 quae
1130 1975 1380 2037 qnondam
1403 1983 1453 2024 et
1469 1975 1667 2024 consule
1686 1975 1838 2026 Cotta

456 2038 645 2102 Lydius
668 2040 890 2088 ediderat
912 2041 1199 2101 Tyrrhenae
1220 2041 1381 2099 gentis
1407 2041 1669 2102 haruspex,

457 2105 641 2153 Omnia
664 2106 766 2153 fixa
790 2115 899 2152 tuus
920 2105 1202 2165 glomerans
1226 2106 1524 2153 determinat
1546 2121 1719 2156 annas.

455 2171 589 2218 Nam
613 2180 751 2232 pater
772 2170 1039 2218 altitonans
1062 2171 1277 2218 stellanti
1300 2171 1445 2218 nixus
1473 2172 1687 2233 Olympo

456 2236 570 2296 lpse
594 2251 709 2283 suos
731 2235 981 2298 quondam
1007 2236 1222 2284 tumulos
1245 2251 1303 2284 ac
1330 2236 1514 2297 templu
1536 2237 1722 2298 petivit,

456 2302 526 2348 Et
550 2301 842 2363 Capitolinis
866 2301 1035 2349 iniecit
1055 2301 1251 2348 sedibus
1274 2301 1429 2360 ignes,

404 2362 407 2363 ⁷
456 2367 587 2414 Tum
613 2367 798 2427 species
820 2381 884 2413 ex
908 2367 1022 2415 aere
1042 2375 1185 2414 vetus
1206 2376 1537 2427 venerataque
1560 2365 1748 2416 Nattae

457 2431 689 2479 Concidit
713 2432 1008 2493 elapsaeque
1029 2440 1221 2480 vetusto
1244 2432 1448 2479 numine
1470 2432 1619 2491 leges,

456 2496 525 2544 Et
547 2497 714 2544 divum
739 2497 1000 2544 simulacra
1023 2497 1231 2558 peremit
1255 2496 1477 2544 fulminis
1502 2497 1663 2547 ardor.

457 2562 557 2610 Hic
581 2562 816 2609 silvestris
839 2570 945 2609 erat
967 2562 1180 2610 Romani
1205 2562 1420 2609 nominis
1442 2562 1611 2622 altrix,

454 2627 656 2685 Martia,
680 2642 808 2690 quae
830 2641 1007 2688 parvos
1033 2627 1276 2675 Mavortis
1301 2627 1487 2675 semine
1509 2638 1655 2675 natos

457 2692 703 2740 Uberibus
727 2692 944 2752 gravidis
965 2692 1104 2739 vitali
1131 2706 1238 2740 rore
1262 2692 1472 2752 rigabat,

455 2757 596 2816 Quae
617 2764 725 2805 tum
755 2772 869 2804 cum
892 2757 1053 2818 pueris
1075 2757 1331 2805 flammato
1351 2757 1571 2805 fulminis
1595 2758 1697 2805 ictu

455 2822 688 2871 Concidit
710 2830 859 2885 atque
880 2822 1050 2869 avulsa
1072 2823 1251 2883 pedum
1276 2824 1483 2882 vestigia
1506 2822 1665 2885 liquit..

454 2887 586 2935 Tum
605 2888 715 2950 quis
735 2903 832 2934 non
851 2888 968 2934 artis
988 2889 1169 2950 scripta
1183 2903 1240 2934 ac
1259 2899 1580 2936 monumenta
1595 2889 1825 2937 volutans

454 2952 618 3001 Voces
645 2953 893 3000 tristificas
915 2953 1099 3000 chartis
1123 2954 1381 3015 promebat
1404 2953 1626 3001 Etruscis
1645 2957 1667 3002 ?

401 3042 407 3048 ·
456 3018 646 3066 Omnes
669 3019 862 3066 civilem
885 3033 1122 3076 generosa
1146 3035 1176 3065 a
1199 3019 1349 3079 stirpe
1372 3018 1643 3079 profectam

455 3082 633 3131 Vitare
656 3084 905 3143 ingentem
928 3083 1117 3130 cladem
1142 3093 1426 3145 pestemque
1448 3084 1734 3145 monebant,

453 3147 553 3197 Vel
575 3147 740 3210 legum
766 3148 976 3197 exitium
999 3149 1246 3198 constanti
1271 3164 1387 3196 voce
1411 3149 1650 3209 ferebant,
