2205 3431
535 129 672 178 LIB.
704 128 766 189 1.,
792 130 947 179 CAP.
976 130 1526 193 XXXII.-XXX1V.‚
1553 129 1581 190 ἓ
1612 134 1791 180 91-96.
1942 133 2008 180 35

324 229 415 287 rit.
487 229 777 288 XXXIV.-
812 230 964 287 Zeno
996 231 1227 307 quidem
1258 250 1372 287 non
1405 251 1503 288 eos
1533 231 1734 301 solum,
1754 232 1851 308 qui
1880 239 2007 289 tum

324 316 500 380 erant,
537 310 976 386 Apollodorum,
1014 310 1255 386 Syllum,
1292 320 1525 381 ceterOS,
1571 310 1784 387 figebat
1839 312 2010 369 male-

324 390 510 460 dictiS,
543 391 642 447 sed
677 390 968 447 Socratem
1010 392 1220 467 ipsum,
1251 398 1542 468 parentem
1589 392 2004 468 philosophiae,

324 468 529 526 Latino
559 470 730 527 verbo
765 478 948 541 utenS,
974 490 1220 528 scurram
1252 471 1515 528 Atticum
1547 472 1725 528 fuisse
1760 472 2003 543 dicebat,

324 549 715 627 Chrysippum
771 570 1085 627 numquam
1143 552 1255 608 nisi
1310 551 1694 629 Chrysippam
1746 553 2002 609 vocabat.

326 634 422 686 942
455 630 541 686 Tu
573 631 695 706 ipse
723 631 895 707 paulo
931 639 1080 701 ante,
1106 650 1236 687 cum
1264 638 1557 708 tamquam
1595 639 1853 689 senatum
1884 633 2009 709 phi-

324 708 694 786 losophorum
730 711 1010 782 recitares,
1036 730 1293 768 summos
1325 712 1477 768 viros
1512 712 1785 789 desipere,
1811 713 2009 769 delira-

324 807 400 856 re,
425 789 720 847 dementes
754 809 874 848 esse
907 791 1153 848 dicebas
1238 791 1493 860 Quorum
1532 793 1579 849 si
1609 812 1779 849 nemo
1809 811 2007 850 verum

325 869 470 926 vidit
503 870 575 927 de
618 878 819 927 natura
852 871 1108 941 deorum,
1141 872 1449 928 verendum
1496 880 1582 929 est
1623 892 1694 929 ne
1737 872 1893 929 nulla
1934 873 2008 929 sit

325 949 577 1007 omnino,
664 949 811 1006 Nam
842 951 966 1021 ista,
995 970 1138 1028 quae
1168 971 1269 1008 vos
1302 952 1510 1021 dicitis,
1537 960 1671 1009 sunt
1698 959 1824 1009 tota
1856 971 2008 1009 eom-

323 1030 610 1099 menticia,
642 1030 737 1086 vix
779 1031 956 1106 digna
989 1031 1384 1088 lucubratione
1418 1032 1784 1089 anicularum.
1871 1031 2003 1089 Non

323 1109 474 1165 enim
511 1110 735 1166 sentitis
769 1130 940 1186 quam
975 1111 1158 1168 multa
1190 1112 1353 1168 vobis
1395 1112 1755 1185 suscipienda
1796 1112 1927 1184 sint,
1958 1113 2004 1168 si

322 1189 694 1265 impetraritis
734 1199 799 1247 ut
833 1191 1214 1248 concedamus
1253 1192 1491 1250 eandem
1537 1194 1835 1252 hominum
1887 1213 2005 1251 esse

322 1277 381 1326 et
409 1269 646 1327 deorum
675 1270 932 1345 figuram.
1018 1271 1224 1328 Omnis
1256 1272 1442 1328 cultus
1476 1278 1534 1327 et
1561 1272 1780 1327 curatio
1810 1289 2007 1347 corpo·

278 1378 295 1395 ι·
323 1349 401 1405 ris
443 1351 550 1407 erit
591 1350 788 1407 eadem
834 1350 1160 1407 adhibenda
1210 1351 1335 1421 dec,
1372 1369 1515 1427 quae
1564 1350 1868 1407 adhibetur
1909 1351 2007 1407 ho-

323 1430 502 1487 mini:
544 1431 848 1506 ingressuS,
887 1450 1098 1501 cursus»,
1131 1430 1434 1501 accubitiO,
1466 1430 1778 1501 inclinatio,
1811 1431 2003 1499 sessi0‚

324 1510 776 1585 comprehensiO,
807 1509 881 1567 ad
919 1517 1238 1567 extremum
1276 1511 1450 1567 etiam
1490 1530 1676 1567 sermo
1712 1518 1769 1567 et
1804 1511 2002 1566 oratio,

325 1596 419 1648 95.
452 1590 603 1647 Nam
633 1590 791 1666 quod
819 1597 877 1648 et
905 1610 1088 1647 mares
1117 1591 1256 1648 deos
1285 1598 1342 1648 et
1370 1590 1616 1648 feminas
1644 1609 1766 1646 esse
1796 1590 2004 1659 dicitis,

318 1670 465 1748 quid
507 1678 777 1749 sequatur
818 1671 1039 1728 videtis·
1126 1670 1413 1749 Equidem
1462 1670 1653 1727 mirari
1705 1671 1841 1727 satis
1890 1689 2008 1727 non

323 1770 557 1829 possum
593 1752 748 1808 unde
782 1752 856 1808 ad
890 1753 1025 1809 istas
1061 1752 1362 1828 opiniones
1396 1758 1581 1808 vester
1615 1751 1707 1807 ille
1742 1751 2009 1827 princeps

280 1869 287 1875 ·
324 1833 558 1889 venerit.
645 1831 759 1889 Sed
787 1832 1029 1889 clamare
1058 1851 1176 1888 non
1211 1832 1473 1889 desinitis
1506 1831 1865 1888 retinendum
1899 1831 2008 1887 hoc

323 1930 462 1983 esse,
484 1912 624 1969 deus
651 1921 717 1970 ut
747 1912 944 1969 beatus
974 1912 1427 1988 immortalisque
1457 1912 1546 1968 sit.
1633 1911 1786 1979 Quid
1817 1920 2008 1968 autem

325 1992 517 2049 obstat
538 2012 654 2069 quo
677 1993 867 2049 minus
892 1993 967 2048 sit
988 1991 1206 2062 beatuS‚
1224 1993 1271 2048 si
1293 2011 1407 2048 non
1434 1992 1508 2047 sit
1530 1991 1729 2067 bipes?
1763 1999 1862 2048 aut
1882 1993 2007 2059 ista,

325 2073 443 2129 sive
476 2072 720 2129 beatitas
758 2073 875 2129 sive
917 2072 1218 2129 beatitudo
1261 2071 1504 2128 dicenda
1537 2079 2011 2148 est—utrumque

281 2176 295 2182 r
326 2152 562 2208 omnino
597 2153 827 2222 durum,
847 2152 946 2209 sed
989 2172 1094 2209 usu
1128 2152 1440 2208 mollienda
1472 2151 1638 2208 nobis
1669 2152 1837 2208 verba
1879 2159 2013 2208 sunt

323 2251 600 2289 ——verum
637 2252 717 2304 ea,
744 2249 1134 2309 quaecumque
1163 2239 1265 2303 est,
1290 2250 1390 2289 cur
1422 2239 1522 2289 aut
1549 2231 1608 2287 in
1644 2232 1820 2288 solem
1851 2231 2011 2293 illum

326 2319 426 2368 aut
452 2313 512 2368 in
545 2313 699 2369 hunc
732 2312 1013 2369 mundum
1048 2319 1149 2369 aut
1178 2313 1236 2369 in
1270 2311 1517 2389 aliquam
1555 2319 1805 2368 mentem
1841 2319 2014 2369 aeter-

325 2410 459 2448 nam
488 2391 670 2464 figura
698 2392 1080 2469 membrisque
1110 2393 1364 2469 corporis
1393 2411 1626 2449 vacuam
1663 2392 1861 2449 cadere
1895 2411 2013 2447 non

328 2474 557 2548 potest?
590 2478 747 2537 [s96.
786 2472 947 2528 Nihil
982 2472 1139 2529 aliud
1174 2473 1315 2529 dicis
1349 2472 1493 2529 nisi:
1538 2472 1871 2548 Numquam
1894 2472 2013 2528 vidi

327 2551 503 2608 solem
535 2559 635 2609 aut
662 2553 942 2609 mundum
974 2551 1225 2609 beatum.
1312 2552 1505 2620 Quid?
1545 2552 1828 2608 mundum
1858 2571 2015 2628 prae-

327 2639 415 2688 ter
448 2632 600 2689 hunc
634 2651 983 2709 umquamne
1018 2632 1248 2689 vidisti?
1330 2631 1598 2707 Negabis,
1685 2631 1803 2687 Cur
1836 2631 2015 2707 igitur

327 2731 446 2768 non
480 2720 736 2769 sescenta
766 2712 923 2768 milia
957 2732 1077 2769 esse
1111 2712 1477 2782 mundorum,
1504 2711 1603 2767 sed
1632 2710 2015 2768 innumerabi-

329 2791 405 2848 lia
433 2812 603 2849 ausus
631 2813 690 2849 es
718 2792 941 2850 dicere?
1022 2792 1195 2849 Ratio
1225 2792 1436 2849 docuit.
1523 2790 1678 2866 Ergo
1709 2789 1817 2846 hoc
1847 2798 1905 2848 te
1933 2810 2014 2847 ra-

327 2873 414 2929 tio
448 2892 564 2928 non
601 2871 847 2942 docebit,
872 2891 1002 2929 cum
1033 2872 1520 2949 praestantissima
1553 2878 1755 2927 natura
1789 2889 2015 2947 quaera-

328 2959 424 3009 tur
464 2972 642 3029 eaque
675 2953 843 3009 beata
884 2961 942 3009 et
975 2961 1222 3021 aeterna,
1255 2971 1398 3027 quae
1433 2950 1553 3007 sola
1586 2950 1780 3006 divina
1813 2957 2014 3006 natura

331 3039 481 3102 sunt,
503 3040 568 3088 ut
590 3031 1020 3089 immortalitate
1042 3032 1337 3088 vincamur
1363 3030 1434 3086 ab
1458 3050 1523 3087 ea
1550 3038 1768 3098 natura,
1790 3029 1869 3084 sic
1898 3028 2014 3083 ani-

329 3114 413 3169 mi
447 3113 793 3189 praestantia
824 3114 974 3169 vinci
1009 3119 1181 3187 atque
1223 3117 1289 3167 ut
1322 3111 1515 3180 animi,
1539 3110 1676 3165 item
1723 3107 2014 3181 corporis?

331 3194 451 3248 Cur
481 3193 670 3267 igitur,
696 3211 825 3249 eum
858 3193 1057 3248 ceteris
1085 3190 1254 3246 rebus
1284 3189 1580 3245 inferiores
1609 3188 1800 3251 simuS,
1826 3186 2014 3238 forma
