2205 3431
697 139 834 187 ΜΒ.
868 137 990 198 111.,
1024 136 1180 186 CAP.
1221 135 1426 196 1.-111.‚
1451 133 1479 193 ς
1512 137 1620 183 1-7.
1889 137 1986 184 109

310 262 479 319 quam
524 242 596 299 de
629 260 706 310 re,
731 260 912 317 pauca
951 239 1023 296 de
1064 258 1174 296 me.
1260 237 1395 294 Non
1438 238 1591 294 enim
1623 237 1990 294 mediocriter

307 342 543 380 moveor
582 321 917 378 auctoritate
951 327 1069 390 tua,
1099 317 1296 388 Balbe,
1329 317 1696 393 orationeque
1731 337 1811 387 ea,
1845 337 1990 394 quac

307 422 402 460 me
431 403 487 459 in
513 400 831 479 perorando
860 398 1282 467 cohortabatur,
1311 406 1374 455 ut
1401 397 1785 454 meminissem
1808 417 1900 453 me
1930 405 1990 454 et

308 483 543 540 Cottam
573 500 693 539 esse
722 488 778 538 et
801 479 1149 557 pontificem.
1228 477 1399 545 Quod
1427 497 1512 546 ec,
1534 477 1722 546 cred0,
1745 476 1987 547 valebat,

306 570 373 619 ut
402 563 720 640 opinioncS,
745 580 884 637 quas
911 579 946 616 a
972 558 1285 616 maioribus
1318 558 1641 634 accepimus
1669 557 1740 614 de
1769 556 1859 614 dis
1886 558 1991 613 im-

306 642 660 712 mortalibuS,
684 660 856 711 sacra,
879 639 1251 697 caerimonias
1279 637 1694 714 religionesque
1722 636 1992 694 defende-

306 741 444 779 rem.
530 722 657 798 Ego
712 739 846 777 vero
902 739 997 776 eas
1037 718 1346 776 defendam
1390 737 1614 794 semper
1653 736 1989 793 semperque

305 801 560 872 defendi,
591 820 696 858 ncc
739 820 831 857 me
872 819 940 857 ex
976 818 1043 856 ea
1083 799 1373 875 opinione,
1405 817 1576 875 quam
1610 816 1645 854 a
1676 797 1991 854 maioribus

305 882 498 959 accepi
521 882 591 939 de
620 881 777 938 cultu
806 880 1042 937 deorum
1064 878 1495 947 immortalium,
1515 877 1687 934 ullius
1712 896 1988 954 umquam

306 962 491 1019 oratio
529 968 628 1018 aut
662 960 820 1017 docti
852 966 952 1016 aut
983 958 1206 1015 indocti
1237 957 1508 1015 movebit.
1595 957 1710 1014 Sed
1743 976 1874 1014 cum
1916 957 1989 1014 de

305 1041 581 1117 religione
613 1041 819 1117 agitur,
849 1039 936 1097 Ti.
968 1038 1410 1108 Coruncanium,
1441 1037 1507 1095 P.
1539 1036 1886 1114 Scipionem,
1917 1036 1986 1094 P.

306 1121 635 1178 Scaevolam
690 1119 992 1197 pontifices
1044 1119 1344 1189 maximOS,
1375 1137 1488 1174 non
1547 1117 1834 1174 Zenonem
1889 1123 1990 1173 aut

305 1200 644 1258 Cleanthem
701 1207 802 1257 aut
861 1199 1252 1275 Chrysippum
1308 1217 1516 1275 sequor
1567 1196 1864 1273 habeoque
1919 1196 1987 1253 C.

308 1280 563 1337 Laelium
607 1298 878 1357 augurem
924 1278 1282 1354 eundemque
1318 1278 1652 1355 sapientem,
1685 1296 1854 1354 quem
1889 1296 1992 1354 po-

306 1359 423 1415 tius
463 1359 693 1415 audiam
733 1358 1021 1415 dicentem
1062 1358 1137 1415 de
1177 1357 1453 1434 religione
1493 1358 1553 1414 in
1592 1357 1689 1414 illa
1730 1357 1991 1415 oratione

305 1437 485 1494 nobili
505 1457 676 1515 quam
701 1457 1044 1515 quemquam
1063 1437 1380 1514 principem
1406 1437 1749 1494 Stoicorum.
1817 1436 1991 1494 Cum-

307 1537 418 1594 que
460 1519 647 1574 omnis
679 1518 882 1595 populi
914 1517 1164 1575 Romani
1196 1517 1399 1593 religio
1433 1518 1491 1574 in
1527 1536 1684 1574 sacra
1711 1524 1768 1574 ct
1800 1517 1861 1574 in
1896 1537 1990 1574 au·

306 1598 486 1674 spicia
517 1598 699 1655 divisa
727 1599 819 1668 sit,
842 1598 1078 1655 tertium
1107 1596 1440 1654 adiunctum
1472 1597 1561 1666 sit,
1588 1598 1636 1652 si
1666 1597 1803 1673 quid
1833 1616 1991 1673 prae-

306 1677 578 1736 dictionis
609 1697 780 1736 causa
811 1697 885 1736 ex
912 1677 1195 1755 portentis
1228 1683 1286 1735 et
1319 1677 1590 1735 monstris
1622 1676 1874 1754 Sibyllae
1906 1677 1991 1734 in-

305 1766 584 1835 terpretes
626 1758 1022 1836 haruspicesve
1075 1764 1439 1829 monuerunt,
1470 1757 1673 1815 harum
1715 1777 1826 1834 ego
1865 1759 1994 1815 reli-⁴

304 1839 545 1915 gionum
579 1839 796 1896 nullam
831 1857 1105 1915 umquam
1139 1837 1618 1895 contemnendam
1652 1839 1850 1915 putavi
1885 1840 1990 1895 mi-

306 1918 480 1996 hique
520 1919 605 1976 ita
643 1919 915 1996 persuasi,
945 1917 1259 1974 Romulum
1301 1918 1585 1994 auspiciiS,
1615 1917 1867 1975 Numam
1907 1939 1992 1975 sa·

305 1999 417 2055 cris
450 1999 780 2057 constitutis
811 1998 1191 2055 fundamenta
1222 1998 1420 2054 iecisse
1453 2005 1680 2055 nostrae
1721 1999 1987 2069 civitatiS,

307 2098 452 2155 quae
484 2098 798 2156 numquam
833 2079 1096 2155 profecto
1132 2078 1253 2134 sinc
1287 2097 1510 2134 summa
1542 2077 1861 2154 placatione
1895 2079 1990 2135 de-

306 2177 471 2215 orum
525 2158 940 2216 immortalium
994 2165 1159 2214 tanta
1211 2176 1332 2215 esse
1385 2158 1683 2233 potuisset.
1771 2157 1988 2224 Hach,

305 2237 504 2308 Balbe,
537 2238 678 2315 quid
710 2238 902 2309 Cotta,
933 2238 1073 2315 quid
1106 2237 1372 2313 pontifex
1416 2238 1659 2294 sentiat:
1700 2238 1793 2293 fac
1835 2257 1989 2295 nunc

306 2337 443 2393 ergo
471 2317 801 2395 intellegam
831 2326 895 2375 tu
926 2318 1065 2394 quid
1093 2317 1319 2374 sentiaS.
1407 2322 1458 2374 6.
1507 2317 1561 2373 A
1589 2324 1649 2374 te
1682 2317 1833 2374 enim
1863 2318 1991 2394 phi-

305 2397 550 2475 losopho
592 2399 873 2455 rationem
915 2397 1171 2473 accipere
1208 2396 1391 2454 debeo
1424 2396 1734 2474 religionis,
1763 2398 1990 2454 maiori-

304 2478 413 2535 bus
446 2484 637 2535 autem
668 2478 879 2534 nostris
912 2477 1085 2534 etiam
1116 2476 1271 2533 nulla
1301 2477 1522 2533 ratione
1550 2477 1775 2534 reddita
1802 2477 1991 2535 crede-

305 2577 380 2615 re.
468 2556 573 2614 ΙΙΙ.
618 2558 768 2615 Tum
798 2557 1047 2614 Balbus:
1091 2556 1276 2625 Quam
1307 2557 1487 2632 igitur
1512 2576 1546 2613 a
1572 2576 1666 2613 me
1687 2557 1987 2628 rationem,

305 2638 514 2713 inquit,
539 2637 731 2707 Cotta,
756 2637 1079 2695 desideras?
1161 2636 1238 2693 Et
1271 2636 1394 2693 ille:
1439 2636 1881 2713 Quadripertita,
1906 2638 1992 2693 in-

306 2717 449 2793 quit,
479 2717 597 2775 fuit
630 2718 837 2774 divisio
870 2724 988 2787 tua,
1013 2717 1265 2793 primum
1299 2723 1365 2772 ut
1398 2716 1571 2772 velles
1613 2716 1815 2773 docere
1849 2717 1991 2774 deos

305 2816 444 2868 esse,
475 2796 684 2855 deinde
719 2796 913 2874 quales
945 2803 1151 2867 essent,
1173 2803 1300 2852 tum
1333 2795 1405 2852 ab
1434 2796 1505 2851 iis
1537 2795 1818 2852 mundum
1845 2799 1987 2874 regi,

304 2885 599 2955 postremo
649 2877 941 2935 consulere
991 2895 1088 2933 eos
1137 2875 1307 2932 rebus
1352 2875 1632 2933 humanis
1733 2876 1908 2945 Haec,
1941 2879 1990 2934 si

306 2953 457 3014 recte
499 2958 755 3026 memini,
780 2957 1015 3034 partitio
1047 2956 1180 3013 fuit.
1265 2955 1621 3027 Rectissime,
1644 2956 1833 3033 inquit
1860 2957 1991 3014 Bal-

305 3036 431 3108 buS,
455 3037 555 3093 sed
583 3045 853 3113 exspecto
882 3036 1023 3114 quid
1044 3036 1318 3112 requiras·

390 3117 441 3174 7.
487 3117 636 3174 Tum
687 3117 892 3174 Cotta:
953 3116 1217 3173 Primum
1268 3114 1519 3192 quidque
1566 3115 1876 3187 videamus,
1907 3116 1991 3172 in-

307 3197 467 3274 quit:
532 3204 607 3269 et,
639 3197 687 3254 si
721 3197 782 3254 id
823 3204 911 3254 est
951 3196 1221 3274 primum,
1253 3195 1410 3272 quod
1450 3195 1600 3253 inter
1640 3213 1840 3250 omnes
1878 3194 1989 3252 nisi
