2205 3431
245 79 339 126 196
768 77 868 126 DE
901 77 1402 128 DIVINATIONE.

244 189 453 237 rumque
492 174 806 223 oraculorum
846 183 1003 224 sortes
1044 182 1096 223 et
1134 175 1371 223 vaticinia
1410 175 1575 235 refert,
1603 190 1710 237 cap.
1741 176 1925 236 49-57,

244 239 273 298 ξ
302 242 542 299 101-118,
563 240 868 288 somniorum
894 240 1104 288 alterum
1132 255 1238 303 cap.
1261 243 1439 301 58-71,
1464 239 1493 299 ἓ
1524 243 1750 289 119-142
1778 242 1931 289 attin-

244 306 332 365 git.
405 305 463 352 In
501 304 846 367 disputationis
882 306 1198 353 conclusione
1230 305 1518 365 religionem
1555 306 1812 366 tuendam,
1839 307 1931 354 sed

244 369 600 494 {opgigt-airggam
635 370 1029 433 superstitionem
1064 385 1171 420 esse
1197 372 1409 431 graviter
1441 371 1692 432 admonet,
1717 386 1825 434 cap.
1844 374 1925 432 72,

324 572 369 630 Ι.
419 578 470 630 1.
515 571 824 640 Quaerenti
857 571 1001 628 mihi
1035 571 1398 649 multumque
1432 580 1491 630 et
1519 573 1619 629 diu
1648 572 1932 649 cogitanti

245 671 492 730 quanam
555 671 616 709 re
672 670 901 728 possem
955 651 1227 728 prodesse
1287 671 1459 728 quam
1516 651 1796 728 plurimiS,
1855 672 1931 710 ne

246 732 475 809 quando
516 732 953 789 intermitterem
999 731 1293 788 consulere
1333 732 1415 788 rei
1456 731 1734 808 publicae,
1771 732 1931 789 nulla

245 813 428 868 maior
476 811 804 868 occurrebat
852 830 1025 887 quam
1074 811 1123 867 si
1166 811 1515 888 optimarum
1557 811 1764 868 artium
1808 812 1931 870 vias

245 890 525 948 traderem
555 891 698 948 meis
727 891 976 948 civibus:
1022 890 1180 968 quod
1208 891 1597 967 compluribus
1625 891 1739 947 iam
1767 891 1931 948 libris

245 990 338 1027 me
372 970 615 1027 arbitror
647 978 1032 1028 consecutum.
1118 971 1270 1027 Nam
1313 978 1372 1028 et
1404 970 1690 1027 cohortati
1731 990 1931 1028 sumus

246 1058 311 1106 ut
358 1050 605 1107 maxime
650 1051 945 1126 potuimus
993 1050 1067 1107 ad
1111 1050 1510 1127 philosophiae
1555 1050 1812 1107 studium
1858 1070 1929 1108 eo

245 1129 409 1200 libr0‚
435 1131 534 1207 qui
562 1138 649 1187 est
676 1130 982 1206 inscriptus
1012 1131 1045 1157 “
1066 1129 1465 1201 Hortensius‚'’
1490 1137 1548 1187 et
1570 1130 1726 1206 quod
1745 1149 1932 1206 genus

244 1209 692 1287 philosophandi
725 1210 962 1267 minime
996 1210 1279 1287 adrogans
1311 1209 1674 1287 maximeque
1708 1217 1766 1267 et
1796 1230 1931 1267 con-

245 1298 402 1347 stans
429 1297 488 1347 et
509 1290 736 1366 elegans
763 1290 1164 1347 arbitraremur
1186 1297 1455 1367 quattuor
1478 1289 1879 1347 “Academicis
1892 1290 1927 1317 ”

245 1369 405 1426 libris
439 1370 809 1427 ostendimus,
897 1376 949 1427 2.
996 1369 1259 1446 Cumque
1293 1369 1736 1427 fundamentum
1779 1378 1930 1428 esset

244 1449 643 1526 philosophiae
675 1450 929 1526 positum
972 1449 1032 1506 in
1075 1449 1286 1506 finibus
1329 1449 1610 1507 bonorum
1654 1457 1712 1507 et
1753 1451 1932 1507 malo-

245 1549 390 1601 rum,
415 1538 792 1606 perpurgatus
826 1538 912 1586 est
941 1530 989 1585 is
1018 1529 1177 1586 loeus
1210 1549 1244 1586 a
1271 1529 1437 1586 nobis
1469 1530 1720 1606 quinque
1748 1528 1926 1600 libris,

246 1617 312 1666 ut
346 1609 486 1685 quid
511 1629 553 1666 a
593 1628 821 1686 quoque
863 1616 921 1666 et
955 1609 1095 1685 quid
1128 1616 1328 1667 contra
1362 1628 1645 1686 quemque
1677 1607 1930 1685 philoso-

245 1689 426 1765 phum
457 1689 738 1746 diceretur
764 1689 1017 1765 intellegi
1046 1696 1256 1766 posset.
1340 1686 1610 1747 Totidem
1640 1689 1928 1748 subsecuti

246 1769 377 1825 libri
421 1769 919 1826 “Tusculanarum
964 1770 1421 1846 disputationum
1439 1769 1472 1796 ’⁹
1516 1790 1605 1826 res
1645 1770 1720 1827 ad
1762 1770 1929 1828 beate

245 1848 553 1906 vivendum
595 1850 843 1906 maxime
877 1850 1216 1907 necessarias
1256 1857 1611 1926 aperuerunt.
1697 1849 1930 1907 Primus

246 1929 400 1985 enim
444 1936 531 1985 est
565 1928 636 1985 de
677 1930 1097 1986 contemnenda
1129 1938 1329 1996 morte,
1362 1929 1644 1987 secundus
1685 1929 1755 1987 de
1789 1930 1931 1987 tole-

244 2009 424 2065 rando
448 2007 660 2079 dolore,
685 2009 758 2066 de
786 2010 1144 2085 aegritudine
1166 2008 1428 2066 lenienda
1449 2010 1667 2081 tertiuS‚
1694 2016 1930 2087 quartus

247 2089 318 2145 de
352 2087 582 2165 reliquis
624 2089 802 2145 animi
834 2089 1375 2165 perturbationibuS,
1407 2090 1642 2166 quintus
1684 2108 1814 2147 eum
1849 2089 1931 2146 lo-

246 2188 375 2224 cum
407 2168 737 2245 complexus
766 2177 867 2236 est,
893 2169 992 2246 qui
1012 2175 1197 2226 totam
1225 2168 1651 2246 philosophiam
1680 2170 1930 2227 maxime

245 2248 523 2306 illustrat:
560 2248 729 2305 docet
757 2249 910 2305 enim
939 2248 1013 2305 ad
1039 2247 1203 2306 beate
1231 2248 1540 2305 vivendum
1570 2250 1840 2307 virtutem
1870 2269 1930 2307 se

246 2329 372 2405 ipsa
419 2348 539 2386 esse
587 2335 932 2385 contentam.
1020 2334 1070 2385 3.
1118 2327 1340 2396 Quibus
1386 2328 1555 2386 rebus
1600 2330 1769 2387 editis
1812 2335 1930 2386 tres

246 2408 376 2465 libri
419 2409 662 2500 perfecti
707 2415 841 2464 sunt
883 2408 1008 2465 “de
1050 2416 1253 2465 natura
1294 2408 1586 2479 deorum‚''
1617 2410 1678 2466 in
1720 2408 1930 2486 quibus

248 2489 436 2545 omnis
465 2489 585 2545 eius
613 2488 724 2545 loci
759 2489 1017 2565 quaestio
1047 2488 1390 2545 continetur.
1476 2488 1634 2557 Quae
1667 2495 1734 2546 'ut
1760 2488 1930 2565 plene

247 2577 395 2625 esset
450 2568 846 2645 cumulateque
897 2568 1167 2645 perfecta,
1216 2568 1340 2625 “de
1389 2568 1793 2626 divinatione’'
1845 2568 1931 2625 in-

248 2648 425 2724 gressi
459 2668 653 2705 sumus
692 2648 782 2705 his
824 2647 982 2704 libris
1023 2648 1279 2705 scribere.
1365 2646 1604 2718 Quibus,
1639 2656 1706 2705 ut
1747 2655 1833 2705 est
1866 2648 1927 2704 in

248 2729 459 2798 animo,
487 2729 611 2785 “de
640 2729 764 2784 fato
784 2726 817 2753 '⁹
849 2728 897 2783 si
925 2728 1366 2797 adiunxerimuS‚
1392 2728 1500 2784 erit
1527 2727 1752 2785 abunde
1787 2728 1929 2784 satis

248 2809 467 2864 factum
496 2809 607 2864 toti
635 2808 768 2863 huie
798 2808 1134 2913 quaestioni.
1219 2807 1415 2883 Atque
1444 2806 1533 2863 his
1562 2808 1720 2864 libris
1753 2808 1930 2864 adnu-

248 2886 507 2942 merandi
536 2893 670 2942 sunt
699 2907 795 2942 sex
820 2887 944 2944 “de
973 2907 1031 2943 re
1061 2885 1344 2963 publiea‚”
1371 2906 1513 2964 quos
1542 2895 1679 2944 tunc
1708 2888 1931 2963 scripsi-

249 2983 549 3034 m11S‚eum
570 2965 952 3038 gubernacula
972 2967 1054 3022 rei
1076 2966 1335 3042 publicae
1364 2966 1713 3024 tenebamus,
1772 2966 1930 3043 Mag-

250 3062 358 3099 nus
391 3042 548 3098 locus
581 3043 1089 3121 philosophiaeque
1124 3046 1389 3121 proprius
1422 3065 1456 3101 a
1489 3045 1748 3114 Platone,
1774 3046 1931 3103 Aris-

250 3121 442 3191 totele,
467 3120 862 3193 Theophrasto
897 3131 1132 3197 totaque
1162 3124 1675 3198 Peripateticorum
1709 3126 1930 3185 familia
