2205 3431
632 90 768 140 LIB.
801 91 865 151 1.,
901 91 1058 140 CAP.
1092 89 1459 151 X1.-XI11.,§
1485 93 1663 141 28-34.
1933 96 1997 142 15

316 211 478 248 maeo
513 190 655 248 dicit
689 199 746 249 et
781 193 838 248 in
874 190 1125 268 Legibus
1158 199 1216 249 et
1247 193 1529 249 mundum
1567 193 1738 251 deum
1775 213 1896 251 esse
1938 202 1998 251 et

315 271 532 329 caelum
583 278 641 328 et
684 280 834 328 astra
881 280 939 329 et
979 280 1186 329 terram
1234 279 1292 328 et
1337 272 1560 329 animos
1611 280 1669 330 et
1714 293 1827 344 eos,
1853 293 1998 351 quos

315 352 596 408 maiorum
639 351 917 408 institutis
959 352 1298 428 aecepimUS,
1333 370 1475 429 quae
1518 360 1576 409 et
1616 373 1718 429 per
1760 373 1819 410 se
1863 361 1997 411 sunt

316 431 458 488 falsa
490 431 788 508 perspicue
823 439 880 489 et
913 432 1064 489 inter
1105 451 1164 489 se
1193 432 1559 489 vehementer
1598 434 1993 509 repugnantia.

317 517 410 569 31.
433 512 630 588 Atque
653 511 824 568 etiam
850 512 1178 589 Xenophon
1201 511 1567 588 paucioribus
1589 512 1774 569 verbis
1797 513 1996 570 eadem

315 592 434 649 fere
461 599 677 669 peccat.
765 592 924 649 Facit
957 593 1112 648 enim
1141 592 1201 648 in
1231 592 1318 662 iis,
1341 611 1485 669 quae
1519 612 1553 648 a
1580 591 1812 649 Socrate
1842 592 1998 650 dicta

315 672 553 742 rettulit,
585 671 878 730 Socratem
923 671 1312 749 disputantem
1363 672 1612 728 formam
1662 672 1757 729 dei
1802 673 1998 749 quaeri

266 780 269 783 ·
315 768 434 807 non
478 760 757 829 oportere,
790 751 1149 827 eundemque
1170 759 1228 808 et
1256 750 1434 808 solem
1457 758 1515 808 et
1536 752 1795 808 animum
1823 752 1996 809 deum

316 832 520 903 dicere,
546 841 604 889 et
631 833 809 890 modo
837 850 1034 900 unum,
1055 840 1183 888 tum
1211 838 1403 888 autem
1425 830 1617 908 plures
1645 831 1815 888 deos:
1853 851 1998 909 quae

317 919 452 969 sunt
473 912 675 970 iisdem
699 912 757 968 in
781 912 978 969 erratis
999 913 1122 968 fere
1146 911 1353 988 quibus
1381 930 1462 982 ea,
1486 930 1629 987 quae
1658 912 1730 968 de
1752 911 1998 969 Platone

317 992 581 1050 vidimus,
646 992 816 1049 XIII.
882 998 974 1048 32.
1008 992 1203 1068 Atque
1233 991 1406 1048 etiam
1435 990 1812 1049 Antisthenes
1840 992 1898 1048 in
1929 1012 1997 1048 eo

316 1072 480 1143 libro,
497 1072 595 1149 qui
612 1071 645 1099 “
660 1071 986 1149 Physicus'’
1007 1071 1351 1141 inscribitur,
1373 1071 1677 1147 populares
1697 1071 1841 1128 deos·
1859 1072 2000 1128 mul-

316 1161 425 1223 toe,
450 1152 765 1209 naturalem
807 1170 986 1209 unum
1030 1171 1151 1209 esse
1194 1150 1389 1208 dicens
1416 1151 1571 1209 tollit
1597 1151 1715 1208 vim
1746 1159 1804 1208 et
1837 1159 1999 1209 natu-

317 1251 439 1288 ram
462 1232 717 1289 deorum.
781 1232 839 1289 N
841 1251 904 1289 ec
926 1232 1111 1289 multo
1134 1250 1294 1288 secus
1315 1230 1671 1308 Speusippus
1694 1231 1999 1288 Platonem

318 1312 661 1369 avunculum
691 1311 1040 1389 subsequens
1074 1318 1133 1368 et
1165 1311 1281 1367 vim
1312 1312 1599 1388 quandam
1643 1313 1853 1384 dicenS,
1886 1332 1999 1389 qua

320 1393 516 1448 omnia
535 1398 821 1468 regantur,
842 1410 1080 1468 eamque
1102 1390 1424 1458 animalem,
1445 1390 1680 1447 evellere
1702 1409 1769 1447 ex
1793 1390 2000 1446 animis
2052 1418 2086 1447 w

320 1478 558 1529 conatur
585 1471 975 1547 cognitionem
1005 1472 1278 1527 deorum:
1344 1476 1435 1527 33.
1467 1469 1917 1544 Aristotelesque
1941 1469 2000 1524 in

320 1552 492 1609 tertio
527 1551 597 1608 de
629 1550 998 1628 philosophia
1026 1550 1171 1607 libro
1206 1549 1390 1607 multa
1422 1544 1690 1620 turbat,‘a
1723 1548 1998 1624 magistro

320 1631 563 1689 Platone
597 1650 714 1688 non
748 1631 1104 1688 dissentiens,
1190 1630 1369 1686 Modo
1404 1629 1556 1686 enim
1585 1629 1766 1686 menti
1799 1627 2003 1685 tribuit

321 1732 552 1769 omnem
580 1711 958 1782 divinitatem,
983 1710 1161 1768 modo
1188 1710 1469 1768 mundum
1503 1709 1690 1785 ipsum
1720 1708 1890 1765 deum
1922 1707 2004 1764 di-

320 1792 401 1849 cit
428 1812 564 1863 esse,
588 1792 765 1848 modo
794 1792 966 1848 alium
991 1791 1275 1868 quendam
1307 1790 1562 1868 praeficit
1590 1788 1808 1853 mundo
1837 1788 2001 1864 eique

320 1892 416 1930 eas
436 1879 625 1948 partes
652 1871 873 1941 tribuit,
898 1878 964 1927 ut
991 1869 1361 1946 replicatione
1392 1867 1635 1944 quadam
1661 1865 1862 1922 mundi
1885 1885 2005 1920 mo-

322 1960 448 2010 tum
490 1959 651 2028 regat
692 1958 863 2027 atque
905 1959 1150 2019 tueatur,
1174 1957 1300 2005 tum
1343 1946 1484 2004 caeli
1527 1946 1787 2002 ardorem
1831 1945 2003 2001 deum

324 2032 466 2089 dicit
487 2051 624 2102 esse,
648 2050 765 2088 non
796 2030 1133 2107 intellegens
1154 2028 1372 2085 caelum
1395 2026 1598 2083 mundi
1621 2046 1740 2083 esse
1762 2032 2001 2102 partem,

326 2131 497 2188 quem
538 2112 651 2167 alio
685 2110 812 2167 loco
855 2111 976 2186 ipse
1018 2108 1332 2184 designarit
1372 2107 1560 2163 deum.
1658 2104 1786 2173 Quo
1829 2104 2004 2160 modo

324 2198 517 2249 autem
544 2191 683 2248 caeli
705 2190 933 2247 divinus
955 2188 1048 2245 ille
1077 2208 1275 2244 sensus
1298 2188 1354 2243 in
1380 2185 1665 2243 celeritate
1688 2191 1848 2241 tanta
1870 2203 2000 2240 con-

326 2271 534 2329 servari
567 2271 795 2347 potest?
837 2269 935 2326 ubi
971 2267 1178 2326 deinde
1213 2266 1295 2323 illi
1329 2274 1418 2323 tot
1452 2266 1529 2335 di,
1562 2266 1610 2321 si
1644 2283 2007 2321 numeramus

326 2351 499 2408 etiam
523 2350 738 2408 caelum
763 2349 971 2406 deum?
1032 2348 1182 2404 Cum
1213 2353 1399 2404 autem
1434 2345 1554 2401 sine
1584 2363 1820 2421 corpore
1849 2344 2002 2399 idem

327 2431 450 2488 vult
483 2450 602 2488 esse
636 2431 828 2497 deum,
854 2429 1011 2486 omni
1046 2428 1210 2484 illum
1246 2446 1412 2484 sensu
1446 2425 1649 2501 privat,
1671 2425 1843 2480 etiam
1878 2442 2008 2498 pru-

327 2511 537 2568 dentia.
623 2509 751 2578 Quo
795 2528 964 2585 porro
1008 2507 1184 2564 modo
1220 2505 1500 2562 mundum
1545 2523 1771 2561 movere
1814 2521 2009 2559 carens

327 2609 565 2668 corpore
598 2598 699 2646 aut
727 2609 840 2666 quo
869 2588 1044 2645 modo
1080 2606 1305 2662 semper
1338 2605 1396 2642 se
1431 2603 1666 2641 movens
1701 2602 1820 2639 esse
1857 2583 2010 2658 quie-

326 2681 421 2729 tus
449 2677 509 2727 et
534 2670 736 2727 beatus
763 2669 992 2745 potest?
1060 2672 1152 2723 34.
1192 2666 1247 2722 N
1251 2686 1313 2723 ec
1342 2684 1474 2721 vero
1505 2664 1625 2720 eius
1654 2662 2010 2738 condiscipu-

327 2751 416 2808 lus
444 2750 798 2807 Xenocrates
827 2749 884 2805 in
915 2747 1024 2803 hoc
1058 2765 1264 2822 genere
1293 2743 1646 2822 prudentior,
1668 2743 1829 2799 cuius
1858 2743 1915 2798 in
1948 2741 2011 2797 li-

326 2831 460 2899 bris,
488 2830 584 2905 qui
614 2838 747 2886 sunt
776 2829 847 2885 de
876 2835 1080 2884 natura
1109 2826 1363 2895 deorum,
1389 2823 1544 2880 nulla
1572 2823 1787 2899 species
1815 2822 2012 2877 divina

327 2909 681 2967 describitur.
782 2908 940 2965 Deos
986 2906 1139 2963 enim
1188 2911 1319 2961 octo
1367 2923 1487 2960 esse
1532 2903 1705 2960 dicit:
1759 2902 2010 2978 quinque

327 3010 443 3059 608,
466 2989 639 3066 quiin
672 2987 847 3044 stellis
872 2988 1028 3063 vagis
1049 2985 1437 3053 nominantur,
1461 3002 1654 3052 unum,
1681 2982 1779 3056 qui
1802 3000 1868 3036 ex
1893 3000 2011 3034 om-

326 3069 499 3127 nibus
547 3067 842 3137 sideribuS,
872 3086 1015 3143 quae
1048 3065 1226 3120 infixa
1266 3063 1422 3119 caelo
1466 3068 1615 3130 sunt,
1641 3080 1709 3115 ex
1743 3057 2012 3132 dispersis

328 3149 491 3226 quasi
512 3148 786 3206 membris
814 3145 1056 3223 simplex
1085 3144 1161 3200 sit
1182 3141 1664 3219 putandus-deus:
1701 3137 2010 3211 septimum

2005 3239 2088 3283 ἐ,
