2205 3431
557 132 820 193 LIB.11.,
848 130 1004 181 CAP.
1032 129 1432 192 LIX.-Lx1.,§
1460 133 1701 181 121-127.
1871 132 1964 180 241

293 254 420 291 sum
454 231 766 290 secundum
801 231 1052 308 quietem
1087 232 1178 302 sit,
1205 230 1344 307 quid
1378 232 1599 289 evenire
1635 238 1693 289 et
1722 231 1859 309 quid
1890 251 1970 289 se-

293 316 392 390 qui
421 313 612 370 soleat.
690 312 950 369 Primum
973 311 1153 388 igitur
1172 311 1617 403 intellegendum
1647 320 1733 370 est
1754 311 1968 368 nullam

293 394 407 449 vim
459 412 578 450 esse
622 392 876 449 divinam
925 392 1270 448 effectricem
1319 392 1688 448 somniorum.
1774 393 1970 468 Atque

291 473 432 530 illud
467 471 700 549 quidem
733 471 1097 548 perspicuum
1133 478 1235 542 est,
1267 469 1420 527 nulla
1452 472 1572 528 visa
1615 472 1965 529 somniorum

289 552 574 629 proficisci
600 571 635 608 a
661 552 898 608 numine
925 550 1197 608 deorum:
1233 557 1428 608 nostra
1454 551 1609 608 enim
1638 571 1806 609 causa
1826 551 1887 608 di
1908 552 1970 609 id

290 633 560 703 facerent,
584 639 651 689 ut
683 631 981 722 providere
1013 631 1211 687 futura
1242 650 1555 723 possemus,
1643 639 1774 689 125.
1819 631 1972 699 Quo-

290 720 384 770 tus
414 712 594 788 igitur
620 719 707 769 est
736 711 974 788 quisque
1004 711 1102 786 qui
1131 711 1369 767 somniis
1396 717 1608 789 pareat,
1634 716 1732 788 qui
1754 710 1971 768 intelle-

289 799 404 868 gat,
423 791 521 868 qui
542 791 903 849 meminerit?
938 810 1108 868 quam
1130 790 1300 847 multi
1321 810 1455 848 vero
1479 792 1576 867 qui
1600 798 1971 849 contemnant

289 891 528 948 eamque
570 871 1033 947 superstitionem
1066 869 1339 927 imbecilli
1372 871 1548 927 animi
1591 878 1762 948 atque
1804 871 1970 928 anilis

288 952 526 1028 putent!
610 950 764 1019 Quid
805 958 892 1007 est
925 950 1102 1026 igitur
1144 970 1244 1007 cur
1276 950 1366 1007 his
1399 950 1730 1008 hominibus
1771 971 1971 1008 consu-

289 1031 411 1088 lens
459 1031 599 1088 deus
644 1031 881 1087 somniis
924 1038 1160 1087 moneat
1204 1050 1317 1101 eOS,
1351 1031 1450 1107 qui
1494 1031 1592 1088 illa
1633 1051 1749 1088 non
1790 1031 1968 1088 modo

289 1130 438 1181 cura,
470 1111 571 1168 sed
604 1130 675 1167 ne
708 1110 986 1167 memoria
1027 1111 1261 1187 quidem
1303 1111 1481 1186 digna
1520 1111 1767 1169 ducant?
1847 1110 1969 1168 Nec

289 1191 445 1248 enim
484 1191 745 1267 ignorare
787 1191 927 1248 deus
968 1198 1162 1267 potest
1204 1209 1316 1266 qua
1358 1198 1549 1248 mente
1591 1192 1832 1268 quisque
1876 1191 1967 1262 sit,

288 1289 393 1328 nec
420 1271 634 1327 frustra
660 1290 724 1328 ac
753 1271 874 1327 sine
903 1289 1071 1327 causa
1092 1270 1232 1346 quid
1253 1270 1438 1327 facere
1461 1270 1703 1347 dignum
1725 1271 1834 1327 deo
1864 1279 1967 1339 est,

291 1350 446 1427 quod
480 1350 747 1407 abhorret
781 1351 955 1407 etiam
988 1349 1063 1406 ab
1089 1350 1343 1407 hominis
1377 1351 1712 1408 constantia.
1798 1350 1891 1407 Ita
1922 1351 1971 1407 si

288 1429 553 1507 pleraque
583 1431 805 1487 somnia
832 1437 932 1487 aut
958 1430 1295 1506 ignorantur
1327 1436 1426 1487 aut
1454 1429 1850 1507 negleguntur,
1870 1438 1972 1487 aut

289 1511 472 1567 nescit
498 1509 607 1566 hoc
637 1509 776 1567 deus
804 1517 904 1567 aut
930 1510 1143 1566 frustra
1171 1510 1524 1566 somniorum
1554 1510 1971 1585 significatione

288 1590 484 1647 utitur.
570 1589 685 1646 Sed
712 1590 916 1646 horum
951 1597 1221 1646 neutrum
1254 1590 1315 1645 in
1345 1589 1517 1647 deum
1551 1590 1720 1648 cadit.
1807 1589 1971 1646 Nihil

288 1670 466 1747 igitur
492 1690 526 1727 a
554 1669 662 1727 deo
698 1670 935 1727 somniis
964 1669 1271 1746 significari
1298 1669 1599 1728 fatendum
1629 1677 1728 1728 est.
1814 1669 1970 1728 LXI.

293 1756 424 1807 126.
469 1750 620 1807 Illud
649 1751 821 1808 etiam
855 1750 1100 1827 requirO,
1126 1769 1241 1820 cur,
1267 1750 1315 1806 si
1343 1750 1483 1807 deus
1509 1751 1621 1807 ista
1652 1750 1773 1807 visa
1805 1750 1974 1806 nobis

288 1830 630 1908 providendi
679 1849 846 1887 causa
893 1830 1009 1902 dat,
1046 1850 1165 1887 non
1213 1830 1581 1906 vigilantibus
1628 1832 1824 1908 potius
1874 1830 1975 1888 det

291 1929 462 1987 quam
505 1910 937 1967 dormientibus,
1022 1910 1154 1966 Sive
1188 1911 1342 1967 enim
1378 1918 1642 1968 externus
1676 1918 1736 1967 et
1767 1910 1973 1967 adven-

288 1990 458 2047 ticius
484 1989 681 2067 pulsus
710 1990 931 2047 animos
954 1990 1364 2047 dormientium
1386 1998 1711 2048 commovet
1733 1991 1849 2047 sive
1870 2009 1974 2067 per

290 2090 350 2127 se
382 2070 494 2147 ipsi
526 2070 704 2126 animi
737 2077 1041 2127 moventur
1081 2071 1200 2127 sive
1235 2089 1379 2146 quae
1412 2090 1580 2128 causa
1612 2071 1722 2128 alia
1754 2079 1841 2128 est
1873 2090 1976 2127 cur

290 2149 602 2207 secundum
633 2150 883 2226 quietem
913 2148 1131 2226 aliquid
1159 2149 1365 2221 videre,
1391 2149 1602 2220 audire,
1627 2170 1793 2226 agere
1821 2149 1975 2206 vidc-

289 2249 470 2301 amur,
499 2230 694 2287 eadem
740 2249 908 2286 causa
939 2229 1309 2306 vigilantibus
1343 2249 1463 2287 esse
1496 2236 1755 2306 poterat:
1799 2230 1975 2322 idque

291 2310 340 2366 si
372 2318 568 2366 nostra
602 2329 771 2366 causa
803 2310 864 2367 di
898 2310 1211 2366 secundum
1247 2309 1498 2386 quietem
1532 2310 1802 2380 facerent,
1834 2310 1976 2385 vigi-

290 2390 539 2447 lantibus
573 2390 726 2447 idem
762 2390 1031 2459 facerent,
1064 2390 1399 2466 praesertim
1441 2409 1572 2446 cum
1614 2389 1974 2481 Chrysippus

291 2469 671 2527 Academicos
715 2469 978 2527 refellens
1019 2469 1305 2546 permulto
1351 2469 1587 2526 clariora
1630 2476 1689 2526 et
1736 2470 1975 2526 certiora

292 2569 414 2606 esse
457 2550 613 2606 dicat
659 2568 802 2625 quae
853 2549 1224 2626 vigilantibus
1266 2549 1568 2607 videantur
1613 2568 1784 2625 quam
1831 2569 1976 2625 quae

292 2629 724 2687 somniantibus,
810 2629 943 2687 Fuit
970 2630 1149 2705 igitur
1177 2629 1371 2686 divina
1389 2628 1765 2686 beneficentia
1792 2628 1977 2705 digni-

292 2728 375 2778 uS‚
401 2729 531 2766 cum
566 2709 926 2766 consulerent
954 2709 1139 2780 nobiS‚
1163 2709 1400 2766 clariora
1431 2709 1553 2766 visa
1580 2709 1712 2766 dare
1743 2709 1977 2786 vigilan-

291 2788 447 2845 tibus
489 2808 660 2865 quarn
704 2789 1029 2846 obscuriora
1061 2809 1165 2866 per
1205 2790 1509 2846 somnium.
1595 2789 1766 2857 Quod
1800 2808 1978 2865 quon-

292 2868 407 2925 iam
440 2888 558 2925 non
592 2869 673 2938 fit,
701 2870 923 2926 somnia
954 2869 1148 2926 divina
1176 2869 1431 2945 putanda
1459 2888 1575 2925 non
1605 2876 1753 2927 sunt.
1841 2870 1973 2925 127.

293 2947 418 3004 Iam
460 2968 593 3005 vero
639 2949 779 3024 quid
822 2968 965 3024 opus
1008 2956 1095 3005 est
1138 2949 1473 3006 circuitione
1508 2957 1566 3007 et
1601 2950 1879 3019 anfractu,
1909 2955 1977 3006 ut

293 3028 369 3084 sit
409 3028 688 3085 utendum
732 3027 1139 3105 interpretibus
1180 3029 1533 3085 somniorum
1566 3030 1762 3105 potius
1805 3048 1976 3105 quam

294 3107 560 3165 derecto?
640 3107 816 3178 DeuS,
849 3109 898 3165 si
936 3108 1170 3185 quidem
1203 3108 1372 3165 nobis
1414 3109 1746 3166 consulebat
1789 3108 1977 3164 “Hoc

293 3186 490 3257 facito,
516 3187 646 3245 Hoc
680 3207 751 3245 ne
780 3188 983 3246 feceris
1004 3187 1036 3215 ’²
1068 3187 1299 3260 diceret,
1324 3188 1497 3264 idque
1529 3189 1716 3246 visum
1743 3187 1977 3263 vigilan-
