2205 3431
466 112 604 161 LIB.
637 112 733 170 IL,
762 111 917 161 CAP.
943 111 1466 175 XXXI.-XXXIII.‚
1491 113 1519 173 ἓ
1544 117 1741 165 66-71.·
1841 121 1934 166 221

258 211 607 283 Veientium,
653 213 701 269 si
745 213 897 269 lacus
952 213 1214 270 Albanus
1262 214 1634 272 redundasset
1674 216 1835 293 isque
1876 218 1934 274 in

253 312 408 349 mare
441 291 712 363 fluxisset,
739 291 986 349 Romam
1020 293 1352 367 perituram,
1376 295 1424 350 si
1452 314 1738 371 repressus
1771 311 1933 367 esset,

253 371 433 428 Veios
455 416 468 428 .
491 415 504 429 .
527 415 540 429 .
562 372 644 429 ita
671 391 819 448 aqua
846 372 1072 429 Albana
1093 372 1355 443 deducta,
1380 373 1455 430 ad
1475 374 1783 432 utilitatem
1813 379 1935 451 agri

251 451 580 522 suburbani,
605 470 722 508 non
751 452 825 508 ad
846 471 1030 510 arcem
1062 451 1375 529 urbemque
1402 453 1775 512 retinendam.
1851 456 1935 513 At

250 530 423 606 paulo
457 538 591 606 post
623 531 820 587 audita
861 551 971 588 vox
1013 538 1100 588 est
1143 533 1432 589 monentis
1473 539 1538 589 ut
1570 534 1936 609 providerent

250 630 324 667 ne
368 630 403 666 a
445 609 624 668 Gallis
656 610 843 668 Roma
884 618 1212 687 caperetur:
1270 631 1339 669 ex
1381 631 1450 669 eo
1491 613 1607 669 Aio
1649 612 1934 690 Loquenti

250 709 404 746 aram
440 690 500 745 in
534 710 685 747 nova
724 690 817 747 via
857 698 1260 748 consecratam.
1346 690 1501 759 Quid
1534 694 1707 768 ergo?
1787 693 1934 750 Aius

251 770 359 827 iste
393 769 673 847 LoquenS,
706 789 836 826 cum
870 789 1002 827 eum
1036 790 1207 827 nemo
1241 779 1423 842 norat,
1455 778 1513 828 et
1546 771 1733 829 aiebat
1765 780 1823 830 et
1855 773 1935 831 lo-

253 848 532 926 quebatur
572 857 631 906 et
663 869 732 907 ex
771 870 838 907 eo
873 869 1083 906 nomen
1119 851 1371 907 invenit:
1421 858 1622 928 postea
1662 871 1833 929 quam
1876 860 1935 911 et

250 929 443 986 sedem
479 936 538 985 et
570 948 725 986 aram
760 937 818 986 et
851 948 1058 986 nomen
1090 929 1326 1001 invenit,
1352 930 1681 989 obmutuit?
1762 932 1932 1001 Quod

249 1009 405 1065 idem
441 1009 555 1065 dici
590 1009 660 1066 de
690 1009 924 1066 Moneta
951 1017 1178 1084 potest:
1223 1029 1257 1066 a
1290 1030 1402 1086 qua
1429 1019 1825 1089 praeterquam
1860 1013 1932 1070 de

251 1108 351 1145 sue
379 1087 549 1163 plena
577 1088 716 1164 quid
745 1106 1016 1164 umquam
1047 1089 1256 1145 moniti
1284 1092 1515 1148 sumus?

331 1167 622 1225 XXXIII.
703 1168 794 1225 70.
833 1168 985 1225 Satis
1013 1169 1196 1225 multa
1224 1169 1294 1226 de
1324 1170 1578 1228 ostentis,
1656 1171 1934 1247 Auspicia

251 1254 467 1304 restant
500 1254 558 1304 et
592 1255 772 1304 sortes
805 1267 919 1318 eae,
952 1268 1096 1324 quae
1131 1248 1433 1320 ducuntur,
1464 1269 1582 1306 non
1617 1249 1761 1322 illae,
1788 1271 1932 1327 quae

250 1326 655 1384 vaticinatione
688 1326 1027 1397 funduntur,
1054 1347 1198 1404 quae
1233 1329 1420 1385 oracla
1451 1330 1637 1386 verius
1669 1330 1929 1402 dicimuS,

251 1407 323 1462 de
354 1406 559 1483 quibus
588 1414 713 1464 tum
742 1407 1013 1477 dicemuS,
1031 1426 1159 1463 cum
1192 1408 1264 1464 ad
1287 1408 1601 1465 naturalem
1631 1409 1933 1467 divinatio·

250 1506 384 1544 nem
426 1486 761 1543 venerimus,
846 1486 1047 1543 Restat
1087 1487 1263 1544 etiam
1302 1488 1373 1544 de
1415 1487 1731 1546 Chaldaeis,
1817 1488 1932 1547 Sed

248 1567 501 1642 primum
544 1565 797 1642 auspicia
836 1567 1146 1623 videamus.
1231 1566 1498 1635 Difficilis
1538 1569 1740 1644 auguri
1772 1568 1932 1626 locus

249 1646 325 1702 ad
365 1653 564 1702 contra
605 1646 926 1703 dicendum.
1013 1646 1202 1703 Marso
1243 1647 1502 1719 fortasse,
1535 1648 1635 1705 sed
1667 1647 1930 1706 Romano

249 1725 570 1784 facillimus.
650 1726 707 1782 N
709 1746 780 1783 on
813 1728 965 1783 enim
996 1746 1192 1783 sumus
1220 1727 1263 1784 ii
1284 1746 1390 1784 nos
1418 1747 1674 1804 augureS,
1700 1729 1798 1805 qui
1820 1730 1933 1786 avi-

248 1826 348 1863 um
377 1807 795 1882 reliquorumve
826 1807 1122 1882 signorum
1152 1806 1546 1865 observatione
1568 1808 1764 1866 futura
1785 1809 1932 1866 dica·

248 1905 392 1944 mus·
477 1887 554 1944 Et
588 1894 781 1943 tamen
814 1886 983 1943 credo
1017 1886 1348 1957 Romulum,
1381 1888 1480 1964 qui
1514 1887 1713 1945 urbem
1746 1890 1933 1965 auspi·

249 1973 377 2024 cato
411 1966 688 2037 condidit,
719 1965 984 2022 habuisse
1019 1966 1355 2042 opinionem
1389 1986 1509 2025 esse
1543 1968 1603 2024 in
1632 1968 1932 2043 providen-

247 2046 338 2102 dis
371 2046 537 2104 rebus
571 2046 891 2122 augurandi
920 2046 1522 2104 scientiam—errabat
1550 2048 1704 2104 enim
1732 2048 1931 2106 multis

247 2126 308 2182 in
343 2127 511 2184 rebus
543 2127 1109 2202 antiquitas—quam
1143 2125 1232 2182 vel
1267 2145 1374 2182 usu
1402 2126 1514 2183 iam
1554 2127 1640 2184 vel
1670 2128 1931 2185 doctrina

247 2205 337 2262 vel
364 2213 645 2264 vetustate
667 2207 1031 2263 immutatam
1061 2204 1336 2262 videmus.
1414 2205 1718 2263 Retinetur
1737 2215 1928 2264 autem

246 2292 306 2343 et
335 2286 408 2343 ad
430 2286 761 2362 opinionem
788 2286 945 2361 vulgi
975 2292 1033 2342 et
1061 2284 1136 2342 ad
1156 2304 1393 2361 magnas
1420 2285 1699 2342 utilitates
1727 2288 1808 2343 rei
1830 2306 1931 2362 pu·

245 2365 427 2422 blicae
467 2385 611 2437 mOS,
641 2366 859 2442 religi0‚
892 2365 1212 2442 disciplina,
1244 2366 1333 2421 ius
1373 2384 1673 2441 augurum,
1704 2365 1931 2442 collegii

246 2445 570 2502 auctoritas,
658 2444 748 2503 71.
795 2445 852 2502 N
855 2464 917 2502 ec
950 2465 1083 2502 vero
1120 2464 1237 2502 non
1267 2445 1428 2502 omni
1455 2444 1737 2521 supplicio
1766 2445 1930 2522 digni

245 2524 313 2581 P.
346 2524 618 2582 Claudius
652 2524 712 2581 L.
750 2524 945 2582 Iunius
986 2525 1262 2596 consuleS‚
1299 2525 1398 2601 qui
1439 2532 1640 2582 contra
1679 2525 1932 2601 auspicia

244 2604 601 2681 navigarunt.
684 2604 1013 2661 Parendum
1056 2606 1208 2661 enim
1252 2604 1370 2662 fuit
1402 2604 1666 2681 religioni
1700 2623 1803 2661 nec
1835 2624 1932 2680 pa-

244 2684 389 2741 trius
421 2704 550 2741 mos
582 2691 701 2741 tam
736 2684 1152 2741 contumaciter
1182 2684 1584 2762 repudiandus,
1670 2683 1799 2741 Iure
1826 2684 1931 2760 igi-

244 2769 341 2819 tur
371 2763 514 2821 alter
545 2764 747 2840 populi
780 2764 994 2821 iudicio
1037 2764 1341 2821 damnatus
1375 2772 1477 2836 est,
1510 2763 1651 2821 alter
1684 2770 1928 2821 mortem

246 2843 355 2900 sibi
384 2843 507 2920 ipse
540 2844 832 2901 conscivit.
918 2843 1233 2900 Flaminius
1265 2863 1383 2900 non
1417 2844 1610 2920 paruit
1644 2843 1926 2919 auspiciis,

244 2922 446 3000 Itaque
487 2923 659 3000 periit
700 2943 829 2980 cum
875 2923 1141 2980 exercitu.
1225 2923 1312 2981 At
1344 2943 1494 2981 anno
1528 2931 1664 3000 post
1695 2923 1931 2980 Paullus

243 3003 450 3079 paruit.
538 3003 693 3060 Num
723 3004 912 3060 minus
940 3002 1149 3060 cecidit
1176 3003 1237 3059 in
1266 3003 1553 3060 Cannensi
1576 3023 1773 3081 pugna
1799 3023 1930 3060 cum

243 3083 532 3140 exercitu?
612 3083 860 3154 Etenim,
884 3090 952 3139 ut
979 3082 1095 3139 sint
1128 3083 1395 3159 auspicia,
1422 3102 1565 3159 quae
1594 3083 1750 3140 nulla
1778 3089 1926 3152 sunt,

243 3161 383 3220 haec
418 3170 586 3232 certe,
613 3162 820 3236 quibus
853 3162 1085 3233 utimur,
1112 3162 1229 3219 sive
1263 3162 1519 3237 tripudio
1555 3163 1671 3219 sive
1706 3162 1777 3219 de
1811 3181 1929 3218 cae-

393 3244 447 3286 18

1949 3291 2042 3357 t
