2205 3431
224 134 320 181 124
670 129 770 179 DE
803 129 1106 179 NATURA
1136 128 1457 179 DEORUM.

222 230 510 308 phonius2
591 229 790 286 Nostri
819 230 1052 305 quidem
1081 229 1390 306 publicani,
1416 248 1548 288 cum
1576 234 1765 287 essent
1785 229 1911 305 agri

222 313 283 368 in
312 310 562 368 Boeotia
593 309 832 366 deorum
860 309 1274 367 immortalium
1303 309 1529 386 excepti
1557 309 1683 385 lege
1715 328 1911 366 censo-

223 392 324 463 ria,
347 389 636 467 negabant
656 389 1011 446 immortales
1038 408 1161 446 esse
1190 389 1337 446 ullos
1360 390 1458 466 qui
1479 389 1786 466 aliquando
1807 388 1913 445 ho·

222 472 410 528 mines
446 470 708 527 fuissent.
793 469 908 526 Sed
942 469 990 525 si
1024 475 1159 525 sunt
1192 469 1253 526 hi
1286 468 1365 541 di,
1396 476 1485 526 est
1517 476 1669 527 certe
1703 468 1912 526 Erech·

223 551 410 623 theuS‚
440 551 602 608 cuius
634 548 884 606 Athenis
925 556 984 605 et
1021 548 1325 606 delubrum
1358 549 1608 606 vidimus
1641 556 1700 606 et
1733 568 1913 605 sacer-

225 631 438 689 dotem.
524 629 708 697 Quem
741 629 788 685 si
817 629 989 686 deum
1023 628 1286 699 facimuS,
1313 629 1453 705 quid
1480 636 1581 686 aut
1608 629 1679 686 de
1713 628 1910 686 Codro

224 711 486 768 dubitare
514 728 819 786 possumus
851 715 951 766 aut
978 708 1050 766 de
1078 709 1296 779 ceteriS,
1324 709 1423 785 qui
1450 715 1774 785 pugnantes
1802 727 1911 784 pro

224 791 442 869 patriae
479 790 741 846 libertate
779 789 1144 846 ceciderunt?
1187 789 1344 865 quod
1379 789 1427 845 si
1461 788 1757 865 probabile
1789 807 1911 844 non

224 879 327 942 est,
367 889 440 927 ne
489 870 586 926 illa
634 868 868 945 quidem
917 868 1224 944 superiora,
1266 868 1419 925 unde
1467 869 1606 926 haec
1653 880 1909 937 manant,

225 950 521 1027 probanda
554 957 702 1006 sunt.
790 955 882 1005 50.
927 948 1126 1025 Atque
1159 949 1220 1004 in
1254 948 1539 1024 plerisque
1582 948 1913 1005 civitatibus

224 1030 480 1106 intellegi
514 1036 708 1106 potest
748 1028 1041 1105 augendae
1082 1028 1312 1085 virtutis
1352 1028 1553 1104 gratia,
1585 1047 1700 1105 quo
1733 1027 1913 1084 liben-

225 1112 341 1169 tius
389 1110 472 1167 rei
521 1109 782 1185 publicae
838 1128 1007 1165 causa
1054 1108 1373 1184 periculum
1423 1108 1606 1165 adiret
1655 1108 1913 1185 optimus

227 1191 483 1269 quisque,
508 1190 759 1246 virorum
787 1189 1030 1245 fortium
1058 1188 1393 1245 memoriam
1424 1188 1643 1244 honore
1671 1188 1912 1244 deorum

225 1270 638 1328 immortalium
667 1276 1069 1325 consecratam.
1138 1267 1231 1326 Ob
1254 1286 1378 1325 eam
1402 1268 1556 1325 enim
1580 1268 1760 1344 ipsam
1784 1286 1914 1324 cau-

228 1371 346 1408 sam
376 1350 730 1407 Erechtheus
757 1348 1007 1405 Athenis
1034 1348 1295 1424 filiaeque
1326 1348 1447 1405 eius
1474 1348 1532 1404 in
1557 1367 1795 1404 numero
1818 1347 1915 1404 de-

228 1450 390 1488 orum
422 1437 570 1487 sunt.
650 1428 909 1505 Itemque
932 1428 1279 1485 Leontidum
1302 1435 1389 1485 est
1411 1427 1711 1485 delubrum
1733 1426 1915 1484 Athe·

227 1512 334 1582 nis,
361 1511 516 1588 quod
545 1509 859 1566 Leocorion
895 1509 1241 1565 nominatur.
1326 1507 1757 1565 Alabandenses
1791 1507 1915 1583 qui-

228 1591 360 1648 dem
396 1590 645 1647 sanctius
677 1588 1046 1646 Alabandum
1079 1587 1293 1655 colunt,
1326 1607 1359 1645 a
1393 1608 1507 1666 quo
1537 1595 1624 1645 est
1650 1587 1787 1644 urbs
1814 1586 1915 1644 illa

229 1672 479 1742 condita,
518 1688 689 1749 quam
739 1687 1085 1746 quemquam
1137 1668 1421 1726 nobilium
1464 1669 1719 1740 deorum,
1755 1667 1915 1744 apud

232 1773 375 1829 quos
412 1771 528 1808 non
562 1749 838 1806 inurbane
873 1748 1247 1820 StratonicuS,
1283 1756 1350 1806 ut
1380 1749 1579 1820 multa,
1616 1768 1748 1806 cum
1791 1749 1916 1825 qui·

231 1834 365 1889 dam
394 1832 446 1888 ei
475 1830 750 1887 molestus
777 1829 1144 1886 Alabandum
1173 1829 1347 1886 deum
1377 1848 1498 1886 esse
1531 1828 1911 1900 confirmaret,

232 1911 540 1969 Herculem
583 1916 847 1985 negaret:
894 1909 1101 1985 “Ergo
1122 1909 1154 1936 ''
1196 1909 1386 1986 inquit
1426 1909 1624 1966 “mihi
1664 1908 1915 1966 Alaban-

230 1993 357 2063 duS‚
388 1991 495 2047 tibi
531 1989 807 2046 Hercules
849 1988 923 2046 sit
962 1989 1226 2046 iratus!''
1310 1989 1448 2047 XX.
1536 1994 1628 2046 51.
1672 1989 1780 2046 Illa
1819 2008 1916 2045 au-

231 2081 370 2143 tem,
393 2070 591 2140 Balbe,
617 2088 760 2145 quae
794 2075 856 2126 tu
890 2088 923 2126 a
950 2069 1105 2126 caelo
1139 2069 1418 2146 astrisque
1451 2068 1715 2139 ducebaS‚
1740 2088 1914 2146 quam

232 2152 404 2229 longe
433 2158 663 2226 serpant
691 2168 808 2205 non
839 2149 1030 2206 vides?
1105 2148 1297 2206 Solem
1325 2149 1498 2206 deum
1527 2168 1648 2206 esse
1670 2149 1916 2206 Lunam-

235 2252 360 2310 que,
387 2249 630 2309 quorum
659 2230 898 2285 alterum
927 2228 1261 2305 Apollinem
1283 2228 1502 2300 Graeci,
1523 2229 1755 2286 alteram
1778 2228 1916 2286 Dia-

233 2333 367 2370 nam
397 2318 618 2388 putant.
705 2308 877 2377 Quod
905 2309 952 2365 si
982 2308 1143 2365 Luna
1170 2308 1278 2366 dea
1310 2316 1413 2380 est,
1438 2329 1575 2386 ergo
1603 2309 1777 2367 etiam
1808 2308 1917 2365 Lu-

236 2394 379 2451 cifer
419 2397 750 2466 ceteraeque
792 2394 1040 2445 errantes
1081 2408 1383 2446 numerum
1416 2389 1657 2461 deorum
1696 2389 1916 2446 obtine-

233 2473 410 2531 bunt:
453 2470 633 2546 igitur
660 2468 830 2525 etiam
860 2469 1189 2527 inerrantes,
1266 2469 1384 2526 Cur
1411 2476 1603 2526 autem
1632 2469 1770 2526 Arci
1793 2488 1917 2545 spe-

235 2554 349 2611 cies
390 2570 508 2608 non
542 2550 602 2606 in
637 2548 875 2606 deorum
909 2568 1147 2606 numero
1187 2551 1534 2626 reponatur't3
1615 2549 1719 2606 Est
1759 2549 1915 2606 enim

234 2633 504 2710 pulcher:
549 2629 577 2706 †
606 2636 664 2687 et
703 2629 777 2687 ob
810 2648 936 2685 eam
971 2647 1215 2700 causam,
1250 2630 1382 2706 quia
1415 2630 1664 2706 speciem
1707 2628 1918 2686 habeat

236 2711 649 2781 admirabilem,
672 2709 1031 2767 Thaumante
1066 2709 1277 2767 dicitur
1309 2729 1429 2767 esse
1463 2717 1630 2767 nata:
1673 2709 1835 2766 cuius
1869 2709 1948 2773 si,

236 2793 433 2851 divina
459 2797 662 2848 natura
689 2797 791 2860 est,
818 2789 958 2866 quid
984 2789 1163 2847 facies
1190 2789 1475 2846 nubibus?
1549 2790 1735 2847 Arcus
1762 2789 1917 2846 enim

237 2874 359 2950 ipse
378 2892 445 2929 ex
464 2870 713 2927 nubibus
732 2869 971 2927 efficitur
990 2870 1241 2947 quodam
1259 2871 1435 2927 modo
1458 2869 1752 2927 coloratis:
1786 2888 1920 2945 qua-

239 2972 363 3009 rum
397 2970 510 3006 una
537 2950 710 3005 etiam
740 2949 1055 3006 Centauros
1077 2950 1362 3026 peperisse
1384 2950 1606 3007 dicitur.
1677 2948 1848 3017 Quod
1870 2948 1919 3006 si

239 3031 420 3087 nubes
454 3028 737 3084 rettuleris
765 3028 826 3084 in
855 3027 1009 3098 deos,
1034 3029 1363 3086 referendae
1398 3035 1549 3086 certe
1583 3034 1750 3086 erunt
1776 3035 1921 3085 tem-

240 3115 505 3181 pestates,
556 3125 698 3181 quae
753 3107 955 3183 populi
1003 3108 1252 3164 Romani
1304 3108 1509 3165 ritibus
1562 3117 1922 3166 consecratae

242 3195 390 3245 sunt.
468 3186 622 3259 Ergo
652 3185 877 3254 imbres,
903 3185 1102 3257 nimbi,
1128 3187 1421 3263 procellae,
1445 3188 1702 3245 turbines
1730 3188 1788 3245 di
1821 3208 1921 3264 pu-
