2205 3431
668 120 805 169 LlB.
835 121 928 180 11.,
954 119 1111 169 CAP.
1145 119 1396 181 1x.-XI.‚
1426 117 1454 178 ξ
1483 121 1663 169 23-29.
1949 125 2013 170 57

325 222 525 280 eadem
555 241 614 279 se
643 221 900 278 admixto
931 221 1116 278 calore
1144 221 1454 298 liquefacta
1476 227 1534 278 et
1556 221 1775 298 dilapsa
1804 222 2003 279 diffun-

326 303 500 360 deret.
587 301 789 379 Itaque
831 309 889 359 et
922 300 1286 378 aquilonibus
1320 301 1664 378 reliquisque
1698 303 2012 377 frigoribus

325 382 562 439 adiectis
597 381 846 439 durescit
880 401 1046 438 umor
1079 387 1139 438 et
1169 381 1324 438 idem
1358 381 1608 438 vicissim
1643 383 1900 440 mollitur
1932 391 2012 440 te-

324 462 586 539 pefactus
615 469 673 518 et
702 461 942 518 tabescit
969 461 1170 518 calore.
1255 460 1451 537 Atque
1481 462 1652 518 etiam
1687 463 1867 519 maria
1894 483 2011 537 agi-

323 548 445 599 tata
473 542 658 599 ventis
691 541 774 598 ita
805 548 1121 617 tepescunt,
1146 548 1212 598 ut
1244 541 1500 618 intellegi
1529 542 1697 599 facile
1731 543 1915 618 possit
1947 544 2008 599 in

323 621 501 679 tantis
542 621 655 678 illis
695 621 992 677 umoribus
1041 640 1161 678 esse
1202 620 1484 678 inclusum
1534 621 1795 679 calorem.
1887 622 2009 680 Nec

325 702 478 758 enim
507 681 602 758 ille
631 708 894 758 externus
923 707 982 757 et
1010 701 1364 759 adventicius
1391 701 1688 759 habendus
1716 709 1802 759 est
1822 709 2005 779 tepor,

325 781 426 838 sed
467 801 536 838 ex
570 781 792 838 intimis
834 781 1008 838 maris
1049 781 1308 857 partibus
1353 782 1665 858 agitatione
1711 783 2005 853 excitatuS‚

325 861 483 937 quod
504 861 713 917 nostris
737 879 964 938 quoque
993 861 1329 938 corporibus
1357 862 1661 938 contingit,
1683 882 1814 919 cum
1841 870 2008 919 motu

323 949 497 1017 atque
530 941 934 998 exercitatione
976 942 1340 998 recalescunt.
1426 941 1557 1018 Ipse
1592 962 1725 999 vero
1760 949 1874 1013 aer,
1907 943 2007 1018 qui

324 1028 528 1077 natura
560 1027 646 1079 est
673 1021 922 1078 maxime
950 1021 1213 1097 frigidus,
1239 1021 1479 1078 minime
1513 1028 1601 1078 est
1630 1041 1829 1098 expers
1863 1022 2006 1079 calo·

324 1101 416 1158 ris,
440 1137 452 1147 ν
503 1099 595 1158 27.
642 1100 745 1158 Ille
774 1119 907 1158 vero
937 1109 995 1158 et
1022 1100 1207 1157 multo
1238 1101 1470 1177 quidem
1506 1102 1690 1159 calore
1719 1102 2009 1159 admixtus

325 1188 426 1237 est.
512 1181 642 1257 Ipse
672 1180 825 1238 enim
857 1181 1038 1238 oritur
1065 1200 1134 1237 ex
1165 1181 1534 1257 respiratione
1568 1201 1877 1258 aquarum:
1922 1202 2009 1239 ea-

323 1279 448 1317 rum
480 1261 634 1318 enim
670 1261 830 1337 quasi
859 1280 1038 1337 vapor
1065 1261 1300 1337 quidam
1329 1268 1429 1317 aer
1455 1261 1751 1318 habendus
1780 1269 1880 1319 est.
1951 1262 2008 1318 Is

324 1348 516 1397 autem
559 1340 782 1398 exsistit
813 1347 978 1398 motu
1023 1341 1143 1397 eius
1186 1340 1387 1397 caloris
1430 1342 1528 1417 qui
1563 1343 1723 1419 aquis
1757 1343 2009 1400 contine-

323 1426 433 1477 tur.
518 1419 704 1488 Quam
748 1421 1183 1478 similitudinem
1230 1440 1457 1477 cernere
1499 1440 1802 1499 possumus
1844 1422 1902 1479 in
1936 1423 2008 1479 iis

324 1500 488 1577 aquis
531 1520 674 1578 quae
708 1501 1085 1558 effervescunt
1114 1500 1360 1557 subditis
1388 1501 1632 1576 ignibus,
1719 1501 1841 1557 Iam
1874 1522 2008 1559 vero

324 1580 542 1657 reliqua
571 1587 771 1658 quarta
799 1600 930 1657 pars
958 1581 1176 1652 mundi,
1199 1600 1265 1637 ea
1293 1588 1351 1637 et
1378 1581 1503 1656 ipsa
1524 1588 1649 1637 tota
1677 1589 1880 1638 natura
1900 1582 2009 1638 fer-

325 1660 458 1718 vida
484 1667 571 1718 est
599 1668 658 1719 et
686 1661 888 1718 ceteris
915 1661 1134 1719 naturis
1168 1660 1436 1718 omnibus
1470 1660 1817 1718 salutarem
1804 1681 2008 1739 1mpe1·-

325 1742 399 1798 tit
421 1749 478 1798 et
501 1742 724 1799 vitalem
752 1741 1012 1798 calorem.
1094 1747 1186 1798 28.
1224 1741 1312 1797 Ex
1335 1761 1449 1818 quo
1479 1742 1853 1812 concluditur,
1876 1762 2006 1799 cum

326 1841 523 1879 omnes
567 1822 770 1878 mundi
815 1830 1006 1898 partes
1051 1821 1439 1878 sustineantur
1482 1822 1683 1893 calore,
1724 1823 2006 1879 mundum

324 1902 497 1958 etiam
525 1902 716 1993 ipsum
746 1902 919 1958 simili
946 1902 1185 1994 parique
1218 1909 1422 1958 natura
1448 1902 1507 1959 in
1538 1909 1701 1959 tanta
1729 1902 2013 1959 diuturni-.

323 1989 442 2039 tate
477 1981 700 2051 servari,
733 2000 914 2059 coque
957 1983 1157 2058 magiS,
1191 1981 1347 2058 quod
1382 1982 1638 2073 intellegi
1672 1982 1845 2039 debet
1878 1983 2007 2040 cali-

324 2062 462 2118 dum
493 2061 635 2118 illud
663 2069 834 2138 atque
866 2062 1098 2138 igneum
1133 2063 1215 2118 ita
1249 2062 1305 2117 in
1344 2062 1501 2118 omni
1531 2063 1724 2119 fusum
1761 2082 1879 2119 esse
1914 2083 2010 2119 na-

323 2150 466 2213 tura,
492 2150 558 2199 ut
585 2142 643 2198 in
681 2161 749 2199 eo
778 2142 914 2198 insit
942 2141 1279 2218 procreandi
1308 2142 1392 2197 vis
1427 2148 1484 2199 et
1513 2161 1682 2198 causa
1708 2143 2005 2219 gignendi,

325 2242 358 2278 a
386 2242 501 2299 quo
536 2229 594 2279 et
621 2222 937 2279 animantia
970 2222 1165 2279 omnia
1198 2228 1256 2278 et
1285 2241 1351 2278 ea
1390 2241 1629 2299 quorum
1668 2223 1873 2298 stirpes
1899 2231 2009 2279 ter-

323 2323 386 2359 ra
413 2302 795 2373 continentur,
817 2308 875 2358 et
896 2302 1052 2359 nasci
1074 2302 1149 2357 sit
1169 2320 1395 2358 necesse
1425 2308 1482 2358 et
1504 2321 1819 2379 augescere.
1898 2302 2004 2359 XI.

325 2387 417 2439 29.
465 2382 812 2446 Naturaest
845 2382 1037 2458 igitur,
1072 2401 1215 2458 quae
1250 2382 1541 2439 contineat
1573 2382 1851 2439 mundum
1890 2401 2009 2438 om-

323 2482 455 2519 nem
499 2481 743 2539 eumque
778 2469 1020 2533 tueatur,
1053 2470 1112 2519 et
1146 2481 1213 2519 ea
1247 2462 1478 2539 quidem
1514 2482 1631 2518 non
1675 2462 1795 2519 sine
1839 2481 2005 2519 sensu

323 2550 495 2619 atque
537 2543 794 2600 ratione:
855 2561 1083 2598 omnem
1130 2542 1283 2599 enim
1329 2549 1590 2599 naturam
1634 2561 1859 2599 necesse
1902 2551 2005 2612 est,

325 2642 467 2699 quae
509 2642 624 2679 non
671 2622 922 2680 solitaria
956 2623 1030 2679 sit
1064 2641 1249 2698 neque
1293 2621 1552 2698 simplex,
1586 2622 1686 2678 sed
1720 2641 1849 2679 cum
1894 2622 2008 2679 alio

322 2703 518 2759 iuncta
550 2710 721 2779 atque
755 2722 984 2772 conexa,
1016 2702 1225 2758 habere
1259 2701 1505 2778 aliquem
1541 2703 1600 2758 in
1636 2721 1694 2758 se
1728 2702 2008 2779 principa-

322 2790 465 2852 tum,
491 2789 556 2840 ut
584 2783 642 2839 in
674 2782 908 2839 homine
938 2788 1209 2851 mentem,
1233 2782 1290 2837 in
1322 2781 1491 2838 belua
1519 2782 1789 2858 quiddam
1823 2783 2008 2839 simile

324 2864 548 2933 mentiS,
574 2863 724 2920 undc
757 2863 1012 2919 oriantur
1038 2881 1228 2918 rerum
1258 2862 1563 2937 appetitus,
1642 2861 1708 2917 In
1739 2862 2006 2919 arborum

323 2949 515 2999 autem
551 2950 609 2999 ct
638 2962 830 2999 earum
866 2962 1052 2999 rerum
1091 2961 1234 3018 quae
1263 2943 1583 3018 gignuntur
1616 2962 1646 2999 c
1674 2950 1838 3012 terra,
1863 2943 2010 2999 radi-

323 3023 484 3079 cibus
517 3023 700 3080 inesse
742 3022 1097 3100 principatus
1140 3029 1389 3097 putatur.
1476 3022 1871 3099 Principatum
1916 3042 2010 3079 au-

325 3109 438 3160 tem
473 3103 533 3159 id
567 3103 714 3173 dico,
741 3102 896 3179 quod
931 3102 1135 3159 Graeci
1166 3101 1494 3177 ἡγεμονικὸν
1527 3108 1751 3171 vocant,
1778 3121 1890 3177 quo
1926 3102 2009 3156 ni-

323 3182 403 3239 hil
435 3183 496 3239 in
526 3202 753 3260 quoque
781 3201 987 3259 genere
1017 3200 1121 3239 nec
1150 3189 1343 3258 potest
1371 3201 1475 3238 nec
1505 3181 1677 3238 debet
1705 3200 1824 3237 esse
1853 3199 2009 3255 prae-
