2205 3431
265 109 360 157 136
464 141 467 146 «
709 106 812 155 DE
844 105 1148 157 NATURA
1179 105 1501 156 DEORUM.

262 215 323 266 at
349 208 740 284 Apollodorus
768 227 983 284 poenas
1012 207 1257 265 sustulit.
1328 206 1526 264 Multis
1556 208 1788 284 quidem
1818 217 1953 268 ante

262 289 527 346 cruciatis
561 296 620 346 et
652 288 883 345 necatis,
970 287 1047 344 Et
1075 287 1392 364 praedones
1424 288 1591 345 multi
1622 307 1788 364 saepe
1817 309 1951 365 poe-

261 388 363 425 nas
392 369 550 438 dant,
573 387 675 425 nec
705 374 896 425 tamen
920 387 1226 444 possumus
1249 367 1435 424 dicere
1463 387 1580 424 non
1603 368 1794 444 plures
1823 389 1951 446 cap-

260 449 411 506 tivos
439 448 637 505 acerbe
668 467 838 524 quam
869 447 1186 525 praedones
1219 454 1464 505 necatos,
1541 448 1949 506 Anaxarchum

260 527 683 586 Democritium
714 547 748 584 a
775 527 995 604 Cyprio
1024 535 1272 604 tyranno
1307 526 1766 585 excarnificatum
1797 548 1950 587 acce-

258 609 466 684 pimUS,
491 608 782 665 Zenonem
811 607 981 664 Eleae
1009 606 1068 663 in
1098 606 1403 664 tormentis
1431 616 1712 665 necatum.
1792 607 1948 676 Quid

258 688 445 745 dicam
476 688 547 744 de
577 687 825 757 Socrate,
847 688 1008 743 cuius
1035 687 1211 744 morti
1233 685 1554 744 illacrimari
1577 687 1732 745 soleo
1755 687 1949 745 Plato-

259 787 388 824 nem
413 767 642 844 legensss
692 767 946 825 Videsne
970 767 1148 844 igitur
1168 767 1405 823 deorum
1429 766 1660 835 iudicio,
1679 767 1726 823 si
1750 767 1948 825 vident

256 866 345 903 res
362 847 656 917 humanaS,
675 847 978 904 discrimen
997 866 1118 904 esse
1137 845 1459 904 sublatum?
1513 847 1800 904 XXXIV.
1848 854 1942 905 83.

256 925 549 1003 Diogenes
584 927 817 1003 quidem
852 926 1105 1002 Cynicus
1138 926 1324 984 dicere
1358 926 1576 983 solebat
1605 926 1943 1004 Harpalum,

258 1007 358 1082 qui
399 1006 756 1082 temporibus
797 1006 909 1063 illis
950 1006 1164 1083 praedo
1206 1006 1346 1063 felix
1386 1005 1718 1076 habebatur,
1744 1016 1947 1063 contra

257 1087 397 1143 deos
438 1087 834 1143 testimonium
878 1086 1080 1156 dicere,
1108 1086 1262 1163 quod
1304 1087 1363 1142 in
1406 1086 1504 1143 illa
1544 1087 1780 1144 fortuna
1819 1094 1942 1143 tam

257 1167 358 1223 diu
380 1167 608 1223 viveret.
677 1167 1010 1242 DionysiuS‚
1031 1167 1104 1224 de
1128 1185 1242 1243 quo
1271 1174 1402 1223 ante
1427 1166 1562 1236 dixi,
1584 1186 1712 1223 cum
1738 1167 1944 1224 fanum

256 1246 633 1323 Proserpinae
656 1245 850 1303 Locris
872 1246 1249 1322 expilavissct,
1271 1246 1576 1322 navigabat
1598 1246 1941 1322 Syracusas:

256 1327 417 1403 isque
441 1346 569 1383 cum
595 1326 1004 1383 secundissimo
1025 1334 1197 1383 vento
1220 1346 1445 1383 cursum
1465 1333 1699 1397 teneret,
1717 1325 1941 1384 ridens:

256 1407 577 1478 Videtisne,
598 1406 801 1483 inquit,
826 1405 1013 1477 amici,
1039 1425 1211 1483 quam
1240 1405 1393 1462 bona
1424 1425 1459 1462 a
1491 1405 1580 1462 dis
1607 1406 1945 1464 immortali-

256 1486 363 1544 bus
392 1487 681 1562 navigatio
712 1485 998 1562 sacrilegis
1031 1487 1236 1543 detur?
1318 1485 1500 1562 quue
1529 1486 1705 1543 homo
1738 1493 1944 1543 acutus

257 1585 388 1623 cum
431 1566 575 1624 bene
608 1566 888 1642 planeque
922 1566 1283 1642 percepisset,
1309 1566 1369 1622 in
1412 1565 1611 1623 eadem
1656 1568 1944 1624 sententia

255 1646 682 1725 perseverabat:
728 1647 825 1723 qui
848 1665 979 1703 cnm
1001 1646 1073 1703 ad
1096 1646 1562 1723 Peloponnesum
1586 1646 1820 1703 classem
1844 1667 1943 1724 ap·

255 1728 495 1804 pulisset
524 1735 582 1784 et
613 1727 672 1783 in
704 1727 904 1783 fanum
935 1727 1181 1784 venisset
1215 1726 1368 1784 Iovis
1401 1726 1677 1804 Olympii,
1702 1747 1942 1785 aureum

256 1808 310 1864 ei
338 1807 584 1865 detraxit
612 1807 918 1863 amiculum
948 1807 1152 1881 grandi
1181 1807 1450 1882 pondere,
1476 1825 1591 1883 quo
1620 1806 1816 1864 Iovem
1854 1827 1944 1864 or·

255 1894 420 1944 narat
459 1907 491 1943 e
534 1886 817 1943 manubiis
852 1886 1421 1963 Karthaginiensium
1455 1894 1732 1963 tyrannus
1773 1886 1938 1959 Gelo,

256 1974 426 2043 atque
469 1968 527 2022 in
572 1986 639 2023 eo
683 1967 854 2022 etiam
898 1966 1191 2024 cavillatus
1232 1974 1319 2023 est
1351 1974 1565 2024 aestate
1604 1986 1776 2043 grave
1817 1987 1942 2025 esse

256 2066 488 2103 aureum
512 2046 836 2116 amiculum,
857 2046 1044 2104 hieme
1066 2046 1363 2123 frigidum,
1386 2047 1550 2123 eique
1572 2046 1799 2104 laneum
1822 2047 1944 2124 pal·

257 2127 398 2184 lium
427 2127 638 2198 iniecit,
660 2146 790 2184 cnm
821 2127 883 2183 id
911 2146 1029 2184 esse
1054 2121 1305 2204 [aptum]
1332 2126 1403 2183 ad
1434 2146 1605 2184 omne
1632 2127 1767 2183 anni
1795 2134 1944 2183 tem-

255 2227 364 2283 pus
405 2207 632 2264 diceret.
719 2206 994 2284 Idemque
1027 2206 1357 2283 Aesculapii
1390 2206 1667 2283 Epidauri
1699 2206 1941 2264 barbam

255 2307 483 2344 auream
505 2287 659 2343 demi
682 2287 878 2344 iussit:
914 2305 1099 2362 neque
1128 2288 1281 2343 enim
1310 2287 1613 2344 convenire
1634 2286 1939 2344 barbatum

255 2386 375 2425 esse
393 2366 591 2436 filium,
608 2386 737 2423 cum
762 2367 819 2422 in
844 2367 1112 2424 omnibus
1128 2367 1280 2423 fanis
1297 2373 1459 2443 pater
1474 2366 1748 2424 imberbis
1771 2375 1937 2425 esset.

257 2452 349 2505 84.
382 2446 543 2504 Idem
572 2466 797 2504 mensas
824 2455 1121 2521 argenteas
1153 2447 1225 2504 de
1254 2446 1522 2504 omnibus
1549 2446 1798 2503 delubris
1826 2448 1942 2503 ius-

255 2528 331 2585 sit
363 2527 589 2598 auferri,
614 2527 675 2583 in
711 2526 918 2602 quibus
952 2527 1108 2603 quod
1136 2546 1295 2584 more
1327 2527 1529 2584 veteris
1557 2526 1824 2583 Graeciae
1853 2527 1942 2583 in-

255 2608 528 2684 scriptum
560 2614 706 2663 esset
736 2625 1028 2663 Bonorum
1059 2625 1330 2675 DEORUM,
1354 2607 1438 2663 uti
1461 2626 1519 2663 se
1549 2626 1744 2663 eorum
1776 2606 1942 2663 boni-

253 2694 371 2745 tate
393 2688 531 2744 velle
554 2687 795 2744 dicebat.
868 2686 1030 2743 Idem
1049 2686 1397 2744 Victoriolas
1419 2706 1614 2744 aureas
1635 2695 1693 2744 et
1711 2694 1941 2762 pateras

254 2775 313 2824 et
334 2786 587 2836 coronae,
611 2786 753 2843 quae
776 2766 1206 2823 simulacrorum
1229 2767 1506 2843 porrectis
1527 2766 1790 2823 manibus
1819 2786 1939 2823 sns-

255 2846 598 2916 tinebantur,
620 2847 741 2903 sine
770 2846 1129 2903 dubitatione
1159 2846 1396 2903 tollebat
1426 2865 1603 2922 eaque.
1632 2866 1690 2903 se
1719 2846 1939 2923 accipe-

254 2945 331 2994 re,
353 2945 469 2980 non
505 2927 724 2982 auferre
758 2926 1016 2982 dicebat:
1061 2945 1182 2982 esse
1217 2926 1369 2983 enim
1406 2924 1727 2996 stultitiam,
1752 2945 1784 2981 a
1813 2927 1940 3002 qui-

255 3004 362 3059 bus
383 3002 535 3059 bona
555 3022 927 3078 preca-remur,
948 3005 1019 3061 ab
1042 3005 1112 3061 iis
1133 3005 1557 3081 porrigentibus
1586 3012 1643 3062 et
1666 3005 1941 3063 dantibus

254 3082 408 3138 nolle
450 3102 686 3140 sumere.
770 3084 1148 3161 Eundemque
1183 3085 1383 3142 ‘ferunt
1424 3085 1579 3155 haec,
1612 3106 1755 3162 quae
1796 3086 1938 3156 dixi,

256 3160 479 3218 sublata
501 3162 571 3219 de
595 3162 744 3218 fanis
767 3163 822 3218 in
849 3163 1038 3219 forum
1063 3164 1367 3238 protulisse
1397 3172 1452 3222 ct
1476 3186 1577 3242 per
1597 3186 1941 3245 praeconem
