2205 3431
239 108 336 157 234
760 107 857 154 DE
892 105 1394 156 DIVINATIONE.

240 218 367 268 tura
394 209 816 286 praenoscere.'’
885 209 1117 285 Negant
1145 228 1313 286 posse
1341 208 1399 281 ii,
1426 208 1634 285 quibus
1661 229 1778 266 non
1807 210 1922 287 pla-

239 297 331 347 cet
371 309 491 346 esse
533 297 751 346 certum
782 289 922 365 quid
953 290 1216 346 futurum
1259 289 1351 345 sit.
1429 289 1685 346 Videsne
1727 290 1921 366 igitur,

241 389 385 446 quae
413 368 590 426 dubia
623 370 753 439 sint,
780 376 846 426 ea
880 369 1029 425 sumi
1057 388 1164 445 pro
1198 369 1367 425 certis
1400 375 1579 445 atque
1605 371 1924 427 concessis?

238 449 465 506 Deinde
494 455 876 524 contorquent
904 456 962 505 et
991 449 1071 505 ita
1098 448 1480 505 concludunt:
1528 449 1561 475 ‘⁴
1582 448 1638 504 N
1642 468 1717 505 on
1746 450 1925 526 igitur

239 537 298 586 ct
326 536 459 585 sunt
487 529 547 585 di
577 546 679 585 nec
715 528 1040 603 significant
1067 528 1263 584 futura
1283 527 1333 585 :”
1378 528 1439 584 id
1469 528 1621 584 enim
1657 529 1771 584 iam
1801 548 1926 605 per-

239 609 458 666 fectum
493 607 853 665 arbitrantur.
937 607 1167 664 Deinde
1200 608 1543 664 adsumunt:
1591 607 1624 634 ‘⁴
1647 607 1796 664 Sunt
1828 628 1925 665 au-

238 695 357 745 tem
400 687 516 757 di,''
542 688 696 764 quod
731 688 918 765 ipsun]
967 706 1081 743 non
1130 687 1201 743 ab
1248 687 1515 744 omnibus
1559 687 1921 744 conceditur:

241 768 276 795 ‘⁴
297 767 621 844 significant
643 766 832 843 erg0.’'
897 765 987 824 Ne
1009 767 1071 822 id
1094 766 1326 843 quidem
1359 767 1643 843 sequitur:
1679 776 1926 843 possunt

239 849 395 904 enim
422 867 540 904 non
569 846 884 923 significare
913 854 971 903 et
1000 853 1195 903 tamen
1223 866 1344 903 esse
1372 847 1448 903 di.
1523 847 1558 873 ‘⁴
1578 846 1715 916 Nec,
1736 847 1784 902 si
1813 847 1926 923 sig-

239 927 491 997 nificant,
510 946 626 983 non
657 926 796 983 dant
824 927 944 983 vias
971 926 1189 1003 aliquas
1217 926 1290 983 ad
1320 926 1615 983 scientiam
1645 924 1926 1002 significa-

237 1006 469 1064 tioniS.''
553 1007 637 1063 At
670 1006 732 1063 id
767 1026 992 1083 quoque
1026 1013 1221 1082 potest
1254 1014 1319 1064 ut
1353 1025 1469 1062 non
1505 1006 1645 1063 dent
1677 1004 1922 1079 homini,

239 1088 350 1163 ipsi
378 1086 640 1143 habeant.
728 1086 846 1142 Cur
873 1087 1026 1143 enim
1054 1086 1256 1143 Tuscis
1284 1086 1479 1161 potius
1514 1104 1685 1161 quam
1715 1085 1925 1142 Roma-

239 1168 328 1223 nis
358 1167 594 1223 darent?
668 1165 702 1194 ‘⁴
724 1166 779 1221 N
782 1186 860 1236 ec,
880 1167 932 1224 si
962 1166 1265 1236 dantviaS,
1286 1165 1442 1222 nulla
1470 1173 1556 1222 est
1584 1164 1921 1223 divinati0.’'

240 1246 349 1303 Fac
393 1247 525 1302 dare
568 1245 721 1317 deOS,
755 1246 911 1322 quod
953 1245 1262 1302 absurdum
1304 1252 1422 1302 est:
1469 1243 1609 1321 quid
1649 1245 1841 1315 refert,
1874 1246 1924 1303 si

239 1327 492 1403 accipere
520 1345 637 1382 non
667 1327 1007 1402 possumus?
1089 1326 1425 1382 Extremum
1461 1332 1584 1381 est:
1632 1323 1665 1350 “
1685 1324 1789 1382 Est
1817 1325 1925 1401 igi-

240 1413 333 1463 tur
361 1405 694 1463 divinati0.”
767 1405 857 1462 Sit
885 1412 1200 1462 extremum
1224 1423 1237 1461 ε
1281 1406 1552 1461 effectum
1579 1409 1773 1461 tamen
1802 1422 1922 1462 non

238 1492 340 1543 cst.
425 1486 513 1542 Ex
554 1485 714 1542 falsis
761 1485 933 1556 enim,
963 1493 1030 1543 ut
1070 1484 1143 1541 ab
1185 1485 1325 1560 ipsis
1366 1484 1691 1554 didicimuS,
1722 1503 1923 1541 verum

238 1565 385 1622 effici
413 1584 530 1622 non
560 1572 766 1640 potest.
853 1564 1007 1622 Iacet·
1035 1565 1213 1641 igitur
1239 1570 1365 1621 tota
1393 1563 1699 1620 conclusio,

320 1644 443 1702 LII.
520 1645 649 1702 107.
676 1645 993 1703 Veniamus
1019 1664 1174 1701 nunc
1203 1643 1276 1701 ad
1306 1644 1591 1721 optimum
1615 1643 1819 1713 virum,
1839 1645 1925 1702 fa-

236 1726 516 1783 miliarem
545 1732 821 1796 nostrum,
843 1725 1202 1803 Cratippum.
1277 1724 1310 1751 “
1331 1724 1392 1781 Si
1423 1725 1544 1782 sine
1574 1725 1753 1781 oculis
1772 1724 1806 1751 ’'
1838 1726 1921 1781 in-

238 1806 364 1882 quit
407 1806 574 1861 “non
610 1812 803 1882 potest
835 1812 1053 1862 exstare
1095 1804 1344 1861 officium
1389 1812 1448 1861 et
1479 1823 1690 1860 munus
1732 1804 1926 1861 oculo-

237 1905 381 1955 rum,
407 1892 650 1961 possunt
683 1892 874 1941 autem
917 1884 1226 1961 aliquando
1269 1884 1419 1941 oculi
1460 1903 1578 1940 non
1615 1884 1782 1961 fungi
1816 1904 1923 1942 suo

237 1985 486 2033 munere,
511 1965 608 2040 qui
632 1963 717 2021 vel
748 1964 918 2021 semel
950 1965 1032 2022 ita
1060 1971 1147 2022 est
1175 1984 1309 2021 usus
1339 1963 1533 2035 oculis,
1554 1971 1620 2021 ut
1647 1983 1780 2020 vera
1807 1983 1925 2022 cer-

236 2051 410 2114 neret,
443 2044 492 2099 is
538 2043 709 2102 habet
754 2063 980 2101 sensum
1028 2045 1324 2101 oculorum
1369 2063 1501 2101 vera
1544 2044 1919 2102 cernentium.

236 2123 385 2181 Item
419 2123 612 2200 igitur,
638 2124 684 2180 si
721 2125 841 2181 sine
884 2124 1239 2182 divinatione
1281 2143 1398 2180 non
1432 2131 1625 2199 potest
1666 2123 1922 2181 officium

235 2211 293 2260 et
315 2223 523 2261 munus
545 2204 914 2261 divinationis
936 2211 1170 2274 exstare,
1193 2211 1385 2280 potest
1406 2210 1615 2274 autem,
1635 2222 1769 2260 cum
1792 2206 1923 2280 quis

235 2283 647 2341 divinationem
684 2283 905 2353 habeat,
931 2303 1113 2340 errare
1148 2283 1457 2361 aliquando
1503 2302 1607 2340 nec
1642 2302 1774 2339 vera
1807 2302 1923 2340 cer-

234 2383 382 2434 nere,
409 2365 545 2420 satis
579 2371 665 2421 est
698 2364 771 2420 ad
805 2363 1254 2421 confirmandam
1289 2363 1703 2420 divinationem
1745 2364 1923 2421 semel

234 2443 452 2520 aliquid
480 2444 562 2501 ita
594 2463 713 2500 esse
748 2444 1085 2514 divinatum,
1107 2443 1250 2500 nihil
1280 2450 1346 2501 ut
1373 2443 1619 2501 fortuito
1647 2444 1922 2501 cecidisse

233 2524 507 2581 videatur.
606 2523 754 2581 Sunt
795 2531 987 2581 autem
1030 2524 1154 2582 eius
1195 2524 1419 2601 generis
1460 2522 1917 2580 innumerabilia.

233 2604 371 2660 Esse
399 2605 576 2680 igitur
603 2604 1016 2661 divinationem
1046 2603 1440 2661 confitendum
1469 2601 1609 2660 est.'’
1693 2602 1922 2660 Festive

232 2690 291 2740 et
320 2683 578 2741 breviter.
646 2683 761 2740 Sed
789 2704 916 2741 cum
949 2684 1038 2741 bis
1067 2683 1313 2760 sumpsit
1343 2684 1500 2760 quod
1520 2681 1719 2753 voluit,
1741 2682 1919 2739 etiam

233 2764 281 2819 si
326 2764 523 2820 faciles
572 2783 678 2820 nos
723 2762 797 2820 ad
838 2763 1266 2820 concedendum
1303 2762 1582 2833 habuerit,
1607 2761 1670 2819 id
1701 2768 1918 2832 tamen,

232 2843 389 2917 quod
412 2844 678 2911 adsumit,
696 2844 929 2900 concedi
953 2843 1111 2900 nullo
1134 2843 1310 2900 modo
1329 2849 1535 2919 potest.
1601 2846 1731 2897 108.
1755 2840 1867 2897 “Si
1882 2841 1919 2868 ”

231 2921 423 2995 inquit
447 2922 480 2947 “
494 2922 800 2996 aliquando
824 2922 974 2979 oculi
997 2930 1251 2998 peccent,
1263 2929 1474 2993 tamen,
1493 2922 1627 2998 quia
1647 2927 1799 2977 recte
1820 2920 1921 2977 ali-

233 2999 464 3073 quando
484 3000 746 3068 viderint,
760 3002 909 3057 inest
932 3002 988 3056 in
1012 3002 1082 3057 iis
1104 3003 1188 3057 vis
1210 3001 1497 3058 videndi.'’
1570 3000 1717 3058 Item
1739 3018 1751 3057 :
1799 3001 1834 3027 ‘⁴
1854 3000 1919 3059 Si

232 3077 360 3151 quis
383 3077 555 3133 semel
578 3077 793 3152 aliquid
815 3079 872 3134 in
898 3080 1250 3137 divinatione
1269 3081 1490 3148 viderit,
1505 3080 1568 3150 is,
1586 3080 1760 3136 etiam
1782 3099 1918 3137 cum

232 3161 447 3225 peccet,
459 3161 650 3211 tamen
671 3156 1083 3213 existimandus
1101 3170 1186 3216 est
1205 3159 1410 3215 habere
1430 3161 1543 3215 vim
1562 3158 1917 3216 divinandi.'’
