2205 3431
273 121 369 168 208
790 119 890 166 DE
929 117 1429 167 DIVINATIONE.

274 225 433 276 scant
477 219 799 295 pariterque
846 218 1188 288 decrescant,
1227 218 1567 295 arboresque
1613 225 1680 276 ut
1722 219 1961 278 hiemali

273 306 532 374 tempore
566 318 697 356 cum
724 299 860 355 luna
892 298 1060 354 simul
1097 306 1466 368 senescenteS,
1495 299 1748 375 quitum
1783 300 1961 357 exsie-

273 387 429 436 catae
458 378 590 450 sint,
613 378 951 455 tempestive
981 378 1142 434 caedi
1168 384 1457 454 putentur.

356 463 447 515 34.
493 456 648 525 Quid
682 459 752 515 de
785 458 949 514 fretis
990 464 1090 514 aut
1124 457 1195 514 de
1236 457 1471 513 marinis
1512 457 1762 515 aestibus
1794 457 1963 534 plura

273 539 497 595 dicam?
541 556 783 614 quorum
817 557 1070 594 accessus
1105 544 1163 593 et
1190 556 1439 593 recessus
1466 537 1634 594 lunae
1666 544 1831 594 motu
1858 557 1963 614 gu-

274 617 597 675 bernantur.
670 617 939 674 Sescenta
967 616 1099 673 licet
1128 616 1380 673 eiusdem
1410 617 1572 673 modi
1599 617 1859 693 proferri,
1894 625 1962 687 ut

275 697 614 755 distantium
646 716 834 754 rerum
869 696 1137 771 cognatio
1171 695 1442 752 naturalis
1476 703 1760 773 appareat.
1845 697 1964 754 De-

274 797 402 834 mus
435 777 577 834 hoc:
622 777 766 833 nihil
801 777 953 833 enim
997 775 1129 831 huic
1172 776 1553 851 disputationi
1594 775 1958 834 adversatur:

273 876 413 914 num
443 858 632 928 etiam,
659 857 705 913 si
734 856 930 913 fissum
959 855 1255 913 cuiusdam
1283 856 1443 912 modi
1465 855 1721 912 fueritin
1751 856 1957 926 iecore,

274 936 492 994 lucrum
530 937 886 993 ostenditur?
967 934 1094 1003 Qua
1135 955 1204 992 ex
1245 935 1588 1011 contagione
1631 942 1866 992 naturae
1901 943 1962 993 et

274 1017 437 1092 quasi
484 1024 766 1073 concentu
819 1022 991 1091 atque
1046 1034 1342 1085 consensu,
1389 1034 1559 1091 quam
1610 1015 1961 1089 συμπάθειαν

273 1095 475 1153 Graeci
503 1096 808 1172 appellant,
835 1095 1136 1152 convenire
1170 1100 1363 1170 potest
1395 1101 1495 1151 aut
1522 1093 1717 1152 fissum
1752 1095 1961 1152 iecoris

272 1195 405 1233 cum
439 1175 640 1233 lucello
674 1195 804 1232 meo
843 1181 943 1231 aut
982 1194 1147 1231 meus
1189 1174 1571 1250 quaesticulus
1613 1194 1743 1231 cum
1779 1175 1957 1246 caeIO,

271 1263 422 1313 terra
448 1275 748 1332 rerumque
776 1256 1014 1312 natura?
1082 1254 1217 1312 XV.
1254 1253 1582 1310 Concedam
1605 1254 1715 1311 hoc
1743 1254 1957 1330 ipsum,

273 1337 321 1392 si
350 1336 450 1408 viS,
482 1336 589 1392 etsi
622 1354 890 1411 magnam
924 1335 1199 1391 iacturam
1234 1353 1433 1390 causae
1461 1334 1667 1403 fecem,
1699 1335 1747 1390 si
1781 1334 1959 1391 ullam

272 1436 393 1473 esse
442 1415 898 1473 convenientiam
947 1421 1182 1470 naturae
1236 1432 1368 1469 cum
1417 1414 1562 1470 extis
1607 1433 1956 1473 concessero,

275 1502 366 1552 35.
413 1496 528 1552 Sed
555 1502 748 1552 tamen
783 1514 851 1551 eo
886 1513 1154 1551 concesso
1190 1494 1289 1569 qui
1324 1494 1513 1550 evenit
1541 1500 1607 1550 ut
1634 1493 1700 1564 ie,
1727 1494 1826 1570 qui
1854 1495 1961 1550 im-

272 1576 481 1651 petrire
509 1575 662 1644 velit,
688 1574 1119 1632 convenientem
1144 1572 1392 1629 hostiam
1420 1572 1588 1629 rebus
1617 1573 1733 1629 suis
1753 1574 1961 1631 immo-

271 1655 387 1712 let?
467 1655 598 1713 Hoc
641 1662 777 1726 erat,
809 1654 965 1731 quod
998 1672 1107 1730 ego
1148 1672 1265 1710 non
1307 1653 1469 1709 rebar
1501 1672 1668 1730 posse
1702 1653 1955 1712 dissolvi.

271 1736 356 1794 At
385 1756 555 1813 quam
578 1736 784 1793 festive
813 1733 1173 1792 dissolvitur!
1236 1734 1426 1790 Pudet
1454 1753 1546 1790 me
1574 1753 1691 1791 non
1719 1735 1807 1791 tui
1837 1736 1958 1812 qui-

272 1816 421 1886 dem,
447 1818 607 1873 cuius
636 1816 808 1872 etiam
839 1813 1175 1871 memoriam
1203 1813 1469 1884 admiror,
1495 1814 1596 1870 sed
1623 1814 1957 1892 Chrysippi,

271 1896 585 1973 Antipatri,
618 1895 934 1966 Posidonii,
969 1894 1068 1971 qui
1095 1894 1249 1951 idem
1286 1894 1430 1951 istuc
1467 1895 1700 1971 quidem
1734 1895 1956 1968 dicunt,

273 1977 429 2053 quod
458 1984 544 2034 est
571 1976 789 2033 dictum
819 1995 854 2032 a
879 1983 955 2046 te,
975 1974 1050 2031 ad
1075 1974 1324 2031 hostiam
1355 1974 1717 2051 deligendam
1748 1976 1954 2033 ducem

272 2077 390 2114 esse
426 2057 541 2114 vim
579 2056 863 2133 quandam
907 2056 1250 2113 sentientem
1292 2061 1463 2131 atque
1506 2055 1776 2126 divinam,
1810 2075 1959 2134 quae

270 2145 398 2195 toto
447 2138 687 2195 confusa
729 2137 948 2193 mundo
998 2136 1087 2192 sit.
1174 2135 1324 2192 Illud
1370 2154 1502 2191 vero
1546 2135 1731 2193 multo
1780 2138 1958 2193 etiam

270 2218 489 2287 meliuS,
516 2218 672 2295 quod
701 2225 759 2274 et
780 2236 813 2274 a
834 2224 891 2273 te
921 2223 1251 2292 usurpatum
1284 2222 1369 2271 est
1390 2223 1448 2271 et
1477 2215 1687 2272 dicitur
1713 2215 1785 2272 ab
1812 2215 1956 2274 illis:

271 2317 401 2355 cum
432 2297 727 2354 immolare
759 2296 1043 2373 quispiam
1065 2295 1219 2364 velit,
1244 2301 1369 2351 tum
1393 2294 1513 2351 fieri
1542 2303 1803 2352 extorum
1833 2315 1962 2353 mu·

270 2379 565 2448 tationem,
596 2384 663 2434 ut
695 2385 795 2433 aut
827 2375 976 2432 absit
1009 2374 1226 2451 aliquid
1260 2383 1359 2431 aut
1393 2375 1669 2450 supersit:
1714 2375 1956 2432 deorum

271 2458 423 2514 enim
475 2457 698 2513 numini
743 2474 937 2532 parere
987 2456 1196 2512 omnia.
1284 2459 1375 2511 36.
1420 2454 1581 2511 Haec
1629 2455 1762 2525 iam,
1806 2456 1959 2512 mihi

270 2538 452 2608 crede,
491 2556 565 2594 ne
610 2536 863 2593 aniculae
909 2535 1140 2611 quidem
1188 2533 1532 2591 existimant.
1617 2532 1712 2590 An
1759 2553 1959 2592 censes

270 2618 516 2674 eundem
551 2616 793 2674 vitulum
829 2615 876 2671 si
910 2615 1054 2671 alius
1091 2614 1382 2689 delegerit,
1414 2613 1535 2670 sine
1574 2614 1760 2689 capite
1798 2614 1959 2671 iecur

269 2698 566 2755 inventum
608 2697 709 2754 iri:
754 2696 802 2752 si
839 2695 998 2765 aliuS,
1029 2713 1160 2750 cum
1196 2694 1419 2769 capite?
1500 2693 1660 2750 Haec
1697 2693 1957 2752 decessio

270 2778 474 2853 capitis
516 2777 615 2834 afit
648 2775 893 2833 accessio
923 2773 1188 2831 subitone
1222 2772 1344 2829 fieri
1377 2779 1585 2849 potest,
1622 2780 1687 2830 ut
1720 2792 1779 2829 se
1822 2783 1958 2831 exta

269 2857 343 2911 ad
372 2856 751 2912 immolatoris
778 2855 1071 2911 fortunam
1107 2853 1579 2910 accommodent?
1660 2852 1794 2909 Non
1831 2872 1960 2929 per-

271 2935 490 3009 spicitis
535 2935 713 2990 aleam
760 2933 1045 3009 quandam
1092 2952 1212 2989 esse
1261 2933 1322 2988 in
1367 2932 1572 2989 hostiis
1613 2932 1954 3009 deligendiS,

269 3013 601 3087 praesertim
635 3031 766 3068 cum
794 3032 882 3068 res
909 3013 1035 3087 ipsa
1062 3012 1301 3068 doceat?
1383 3011 1533 3081 Cum
1567 3012 1719 3069 enim
1749 3013 1958 3070 tristis-

270 3091 416 3146 sima
458 3098 589 3147 exta
632 3090 753 3146 sine
797 3092 983 3165 capite
1016 3091 1267 3160 fuerunt,
1300 3090 1506 3167 quibus
1547 3092 1692 3149 nihil
1725 3093 1956 3151 videtur

270 3188 390 3225 esse
418 3169 612 3238 diriuS,
635 3169 898 3240 proxima
923 3168 1114 3225 hostia
1141 3169 1337 3226 litatur
1365 3189 1530 3246 saepe
1550 3171 1953 3250 pulcherrime.
