2205 3431
168 124 175 130 -
206 96 272 142 96
658 94 756 142 DE
789 89 1088 146 NATURA
1121 96 1441 147 DEORUM.

207 194 285 251 ad
318 212 458 270 quas
491 213 690 251 omnes
724 196 845 252 eius
872 196 996 253 viae
1029 196 1353 273 pertinent:
1395 216 1498 273 per
1532 216 1672 273 quas
1699 197 1891 275 lapsus

209 273 372 331 cibus
405 274 465 330 in
493 274 603 331 hoc
636 275 764 351 ipso
796 275 923 332 loco
959 276 1019 332 in
1052 295 1178 332 eam
1209 295 1428 347 venam,
1451 295 1595 352 quae
1628 297 1765 334 cava
1796 298 1892 355 ap·

176 353 469 429 1pellatur,
501 354 877 412 confunditur
916 374 1131 432 perque
1173 375 1298 413 eam
1341 356 1414 412 ad
1455 375 1554 413 cor
1595 358 1891 415 confectus

210 434 324 490 iam
371 442 789 511 concoctusque
831 435 1159 511 perlabitur,
1192 455 1225 491 a
1268 436 1438 492 corde
1479 442 1671 493 autem
1714 437 1772 494 in
1807 446 1892 495 to-

209 521 336 570 tum
371 534 577 591 eorpus
610 514 972 579 distribuitur
998 534 1101 591 per
1129 535 1299 572 venas
1332 515 1643 572 admodum
1681 517 1892 574 multas

208 594 267 650 in
301 614 501 652 omnes
522 601 711 670 partes
732 594 986 671 corporis
1006 595 1372 671 pertinentes,
1455 595 1793 663 lssaQuem
1819 597 1892 653 ad

209 674 450 730 modum
479 680 669 730 autem
705 673 975 750 reliquiae
1008 673 1123 730 cibi
1150 674 1509 750 depellantur
1534 683 1659 731 tum
1695 678 1893 733 astrin-

209 753 480 828 gentibus
524 772 583 810 se
627 754 930 824 intestiniS,
960 760 1088 810 tum
1133 754 1517 811 relaxantibus
1560 754 1717 811 haud
1758 775 1892 813 sane

209 832 443 890 difficile
485 832 643 890 dictu
685 840 787 903 est,
810 833 914 890 sed
944 840 1137 890 tamen
1172 834 1645 910 praetereundum
1691 842 1794 905 est,
1820 854 1892 892 ne

212 913 353 989 quid
381 912 588 969 habeat
616 912 1051 970 iniucunditatis
1079 913 1279 971 orati0.
1365 913 1470 970 Illa
1497 915 1692 990 potius
1720 915 1894 989 expli-

211 1000 372 1049 cetur
400 991 749 1049 incredibilis
770 992 988 1049 fabrica
1014 999 1263 1050 naturae.
1334 992 1484 1050 Nam
1516 1012 1659 1069 quae
1688 994 1891 1070 spiritu

209 1072 272 1129 in
301 1072 603 1150 pulmones
635 1072 827 1128 anima
857 1073 1104 1143 ducitur,
1130 1092 1196 1129 ea
1227 1072 1456 1130 calescit
1483 1074 1733 1149 primum
1763 1074 1891 1150 ipso

211 1152 283 1209 ab
325 1153 546 1229 spiritn,
577 1152 786 1209 deinde
827 1153 1170 1228 contagione
1213 1154 1571 1229 pulmonum,
1604 1172 1672 1210 ex
1716 1172 1893 1230 eaque

211 1252 341 1308 pars
369 1231 627 1289 redditur
654 1232 1003 1308 respirandO,
1022 1252 1155 1309 pars
1181 1233 1505 1309 concipitur
1525 1233 1712 1290 cordis
1732 1241 1894 1310 parte

213 1312 477 1389 quadam,
503 1330 671 1388 quem
708 1312 1086 1370 ventriculum
1130 1313 1319 1369 cordis
1360 1312 1665 1389 appellant,
1690 1314 1782 1370 cui
1824 1314 1893 1369 si·

210 1392 365 1448 milis
408 1392 548 1448 alter
591 1392 894 1449 adiunctus
935 1393 1123 1462 es't,in
1167 1411 1334 1469 quem
1379 1392 1611 1469 sanguis
1644 1413 1679 1449 a
1712 1394 1894 1450 iecore

212 1491 315 1548 per
341 1490 543 1528 venam
574 1472 729 1528 illam
758 1491 952 1529 cavam
983 1472 1188 1529 influit.
1272 1472 1475 1549 quue
1502 1472 1679 1529 modo
1708 1492 1777 1529 ex
1806 1473 1895 1529 his

212 1552 471 1629 partibus
498 1559 556 1608 et
584 1552 815 1627 sanguis
844 1572 945 1629 per
966 1572 1138 1609 venas
1165 1552 1223 1608 in
1255 1571 1426 1609 omne
1453 1571 1660 1628 corpus
1687 1552 1896 1608 diffun-

212 1633 369 1689 ditur
402 1638 460 1689 et
493 1632 726 1707 spiritus
759 1651 862 1708 per
893 1632 1141 1689 arterias,
1227 1631 1523 1709 Utraeque
1556 1640 1747 1689 autem
1783 1652 1897 1689 ere-

212 1712 347 1770 brae
374 1711 701 1788 multaeque
737 1732 974 1789 corpore
1002 1720 1130 1769 toto
1158 1712 1411 1770 intextae
1439 1712 1555 1770 vim
1613 1714 1899 1791 quandam

214 1792 605 1850 incredibilem
663 1791 954 1849 artificiosi
1011 1793 1199 1868 operis
1252 1793 1548 1869 divinique
1595 1795 1892 1851 testantur.

219 1878 349 1929 139.
387 1872 542 1939 Quid
576 1870 762 1928 dicam
806 1871 879 1928 de
921 1872 1160 1942 ossibus,
1187 1892 1329 1949 quae
1373 1873 1627 1929 subiecta
1667 1873 1896 1949 corpori

213 1951 502 2008 mirabiles
535 1951 937 2009 commissuras
970 1952 1187 2010 habent
1214 1960 1273 2010 et
1300 1953 1371 2009 ad
1402 1952 1773 2010 stabilitatem
1802 1973 1898 2030 ap-

215 2040 304 2090 tas
348 2039 406 2089 et
438 2031 511 2089 ad
554 2039 710 2088 artus
743 2031 1026 2090 finiendos
1070 2033 1531 2090 accommodatas
1572 2042 1632 2090 et
1671 2034 1745 2090 ad
1777 2053 1898 2089 mo-

215 2120 342 2170 tum
387 2119 446 2169 et
488 2112 562 2168 ad
604 2131 835 2169 omnem
881 2113 1137 2188 corporis
1181 2113 1481 2170 actionem.
1572 2113 1707 2170 Huc
1751 2112 1898 2170 adde

216 2212 434 2264 nervos3,
460 2212 494 2249 a
527 2192 733 2269 quibus
765 2198 921 2249 artus
962 2193 1345 2262 continentur,
1370 2211 1681 2269 eorumque
1713 2193 1900 2270 impli-

217 2274 501 2331 cationem
535 2280 663 2330 toto
705 2291 943 2349 corpore
984 2272 1384 2349 pertinentem,
1412 2273 1511 2349 qui
1544 2273 1691 2330 sicut
1724 2292 1899 2330 venae

217 2363 278 2411 et
305 2354 540 2411 arteriae
574 2372 606 2408 a
640 2352 810 2410 corde
836 2354 1005 2409 tracti
1034 2360 1093 2409 et
1121 2352 1371 2429 profecti
1400 2352 1459 2408 in
1494 2371 1701 2429 corpus
1730 2372 1900 2409 omne

218 2435 518 2492 ducuntur.
604 2431 757 2490 LVI.
847 2438 978 2490 140.
1014 2432 1114 2489 Ad
1155 2432 1302 2489 hanc
1344 2431 1762 2509 providentiam
1806 2452 1903 2489 na-

218 2521 378 2572 turae
406 2521 524 2570 tam
555 2511 887 2588 diligentem
918 2519 1153 2589 tamque
1182 2511 1464 2569 sollertem
1498 2512 1732 2588 adiungi
1764 2513 1904 2569 mul-

218 2602 280 2652 ta
305 2601 560 2671 possunt,
582 2612 613 2650 e
642 2592 849 2669 quibus
878 2593 1242 2669 intellegatur
1271 2601 1515 2669 quantae
1543 2611 1631 2648 res
1659 2592 1904 2648 homini-

219 2675 328 2732 bus
361 2694 394 2731 a
427 2674 517 2730 dis
551 2692 837 2750 quamque
871 2673 1112 2730 eximiae
1145 2671 1394 2729 tributae
1428 2672 1575 2729 sint:
1622 2691 1764 2748 quae
1793 2672 1904 2748 pri-

221 2774 379 2811 mum
409 2773 506 2810 eos
533 2753 712 2810 humo
743 2754 1019 2810 excitatos
1047 2752 1227 2810 celsos
1255 2759 1314 2809 et
1336 2758 1555 2809 erectos
1583 2752 1901 2820 constituit,

221 2827 288 2891 ut
310 2834 547 2890 deorum
577 2833 967 2909 cognitionem
998 2832 1216 2890 caelum
1241 2832 1529 2889 intuentes
1557 2850 1756 2908 capere
1779 2850 1906 2907 pos-

222 2920 364 2971 sent.
450 2912 598 2968 Sunt
631 2913 783 2968 enim
826 2932 895 2969 ex
937 2920 1085 2969 terra
1120 2911 1384 2969 homines
1425 2930 1544 2968 non
1585 2918 1652 2968 ut
1686 2911 1905 2968 incolae

222 3001 393 3070 atque
434 2991 800 3061 habitatoreS,
834 2991 935 3048 sed
976 2992 1138 3068 quasi
1186 2999 1532 3068 spectatores
1574 3010 1904 3068 superarum

223 3091 410 3130 rerum
441 3078 612 3146 atque
641 3071 985 3141 caelestium,
1007 3090 1246 3148 quarum
1276 3071 1664 3148 spectaculum
1693 3072 1767 3128 ad
1787 3071 1907 3128 nul-

223 3152 343 3211 lum
372 3150 527 3208 aliud
548 3169 728 3225 genus
749 3151 1125 3207 animantium
1148 3152 1412 3226 pertinet.
1483 3151 1693 3212 Sensus
1714 3160 1906 3209 autem
