<?xml version="1.0" encoding="UTF-8"?>
<!DOCTYPE html PUBLIC "-//W3C//DTD XHTML 1.0 Transitional//EN"
    "http://www.w3.org/TR/xhtml1/DTD/xhtml1-transitional.dtd">
<html xmlns="http://www.w3.org/1999/xhtml" xml:lang="en" lang="en">
 <head>
  <title>
</title>
<meta http-equiv="Content-Type" content="text/html;charset=utf-8" />
  <meta name='ocr-system' content='tesseract 3.04.00' />
  <meta name='ocr-capabilities' content='ocr_page ocr_carea ocr_par ocr_line ocrx_word'/>
</head>
<body>
  <div class='ocr_page' id='page_1' title='image "./defato00cicegoog_0142.png"; bbox 0 0 2205 3431; ppageno 0'>
   <div class='ocr_carea' id='block_1_1' title="bbox 106 3270 205 3336">
    <p class='ocr_par' dir='ltr' id='par_1_1' title="bbox 106 3270 205 3336">
     <span class='ocr_line' id='line_1_1' title="bbox 106 3270 205 3336; baseline 0 0"><span class='ocrx_word' id='word_1_1' title='bbox 106 3270 123 3271; x_wconf 57' lang='grc'><em>’</em></span> <span class='ocrx_word' id='word_1_2' title='bbox 163 3288 205 3336; x_wconf 69' lang='grc' dir='ltr'>ι</span> 
     </span>
    </p>
   </div>
   <div class='ocr_carea' id='block_1_2' title="bbox 221 88 1449 139">
    <p class='ocr_par' dir='ltr' id='par_1_2' title="bbox 221 88 1449 139">
     <span class='ocr_line' id='line_1_2' title="bbox 221 88 1449 139; baseline -0.001 0"><span class='ocrx_word' id='word_1_3' title='bbox 221 93 315 139; x_wconf 82' lang='lat'>132</span> <span class='ocrx_word' id='word_1_4' title='bbox 664 88 763 137; x_wconf 83' lang='lat' dir='ltr'>DE</span> <span class='ocrx_word' id='word_1_5' title='bbox 796 88 1096 137; x_wconf 81' lang='lat' dir='ltr'>NATURA</span> <span class='ocrx_word' id='word_1_6' title='bbox 1130 88 1449 138; x_wconf 82' lang='lat' dir='ltr'><strong>DEORUM.</strong></span> 
     </span>
    </p>
   </div>
   <div class='ocr_carea' id='block_1_3' title="bbox 216 188 1907 647">
    <p class='ocr_par' dir='ltr' id='par_1_3' title="bbox 216 188 1907 647">
     <span class='ocr_line' id='line_1_3' title="bbox 216 188 1904 250; baseline 0.002 -4"><span class='ocrx_word' id='word_1_7' title='bbox 216 190 373 250; x_wconf 88' lang='lat' dir='ltr'>vitiis</span> <span class='ocrx_word' id='word_1_8' title='bbox 406 189 554 246; x_wconf 91' lang='lat' dir='ltr'>ratio</span> <span class='ocrx_word' id='word_1_9' title='bbox 587 208 705 245; x_wconf 89' lang='lat' dir='ltr'>non</span> <span class='ocrx_word' id='word_1_10' title='bbox 742 188 1033 246; x_wconf 65' lang='lat' dir='ltr'>subesset?</span> <span class='ocrx_word' id='word_1_11' title='bbox 1115 188 1343 245; x_wconf 88' lang='lat' dir='ltr'><strong>XXIX.</strong></span> <span class='ocrx_word' id='word_1_12' title='bbox 1384 189 1585 247; x_wconf 83' lang='lat' dir='ltr'>Medea</span> <span class='ocrx_word' id='word_1_13' title='bbox 1625 191 1803 247; x_wconf 89' lang='lat' dir='ltr'>modo</span> <span class='ocrx_word' id='word_1_14' title='bbox 1846 199 1904 249; x_wconf 85' lang='lat' dir='ltr'>et</span> 
     </span>
     <span class='ocr_line' id='line_1_4' title="bbox 218 267 1902 347; baseline 0 -20"><span class='ocrx_word' id='word_1_15' title='bbox 218 271 432 327; x_wconf 82' lang='lat' dir='ltr'>Atreus</span> <span class='ocrx_word' id='word_1_16' title='bbox 454 267 1050 326; x_wconf 83' lang='lat' dir='ltr'><strong>commemorabantur</strong></span> <span class='ocrx_word' id='word_1_17' title='bbox 1070 287 1105 325; x_wconf 86' lang='lat' dir='ltr'>a</span> <span class='ocrx_word' id='word_1_18' title='bbox 1125 268 1310 339; x_wconf 81' lang='lat' dir='ltr'>nobiS,</span> <span class='ocrx_word' id='word_1_19' title='bbox 1326 268 1586 327; x_wconf 80' lang='lat' dir='ltr'>heroicae</span> <span class='ocrx_word' id='word_1_20' title='bbox 1610 289 1902 347; x_wconf 84' lang='lat' dir='ltr'>personae,</span> 
     </span>
     <span class='ocr_line' id='line_1_5' title="bbox 218 347 1900 424; baseline 0.001 -19"><span class='ocrx_word' id='word_1_21' title='bbox 218 350 362 406; x_wconf 88' lang='lat' dir='ltr'>inita</span> <span class='ocrx_word' id='word_1_22' title='bbox 388 348 780 424; x_wconf 87' lang='lat' dir='ltr'>subductaque</span> <span class='ocrx_word' id='word_1_23' title='bbox 808 348 1027 405; x_wconf 90' lang='lat' dir='ltr'>ratione</span> <span class='ocrx_word' id='word_1_24' title='bbox 1055 347 1277 405; x_wconf 85' lang='lat' dir='ltr'>nefaria</span> <span class='ocrx_word' id='word_1_25' title='bbox 1305 348 1513 406; x_wconf 87' lang='lat' dir='ltr'>scelera</span> <span class='ocrx_word' id='word_1_26' title='bbox 1539 350 1900 408; x_wconf 79' lang='lat' dir='ltr'>meditantes,</span> 
     </span>
     <span class='ocr_line' id='line_1_6' title="bbox 222 427 1907 506; baseline 0.001 -21"><span class='ocrx_word' id='word_1_27' title='bbox 222 430 313 487; x_wconf 82' lang='lat'>72.</span> <span class='ocrx_word' id='word_1_28' title='bbox 351 428 542 498; x_wconf 66' lang='lat' dir='ltr'>Quid?</span> <span class='ocrx_word' id='word_1_29' title='bbox 575 427 832 485; x_wconf 82' lang='lat' dir='ltr'>levitates</span> <span class='ocrx_word' id='word_1_30' title='bbox 861 428 1149 485; x_wconf 65' lang='lat' dir='ltr'>comicae?</span> <span class='ocrx_word' id='word_1_31' title='bbox 1183 447 1459 504; x_wconf 86' lang='lat' dir='ltr'>parumne</span> <span class='ocrx_word' id='word_1_32' title='bbox 1488 448 1713 506; x_wconf 90' lang='lat' dir='ltr'>semper</span> <span class='ocrx_word' id='word_1_33' title='bbox 1733 431 1793 486; x_wconf 92' lang='lat' dir='ltr'>in</span> <span class='ocrx_word' id='word_1_34' title='bbox 1822 450 1907 486; x_wconf 89' lang='lat' dir='ltr'>ra-</span> 
     </span>
     <span class='ocr_line' id='line_1_7' title="bbox 218 507 1904 586; baseline 0 -20"><span class='ocrx_word' id='word_1_35' title='bbox 218 510 376 567; x_wconf 90' lang='lat' dir='ltr'>tione</span> <span class='ocrx_word' id='word_1_36' title='bbox 405 508 735 566; x_wconf 67' lang='lat' dir='ltr'>versantur?</span> <span class='ocrx_word' id='word_1_37' title='bbox 799 507 1087 566; x_wconf 87' lang='lat' dir='ltr'>Parumne</span> <span class='ocrx_word' id='word_1_38' title='bbox 1117 508 1403 565; x_wconf 82' lang='lat' dir='ltr'>subtiliter</span> <span class='ocrx_word' id='word_1_39' title='bbox 1431 508 1689 586; x_wconf 87' lang='lat' dir='ltr'>disputat</span> <span class='ocrx_word' id='word_1_40' title='bbox 1717 509 1813 567; x_wconf 90' lang='lat' dir='ltr'>ille</span> <span class='ocrx_word' id='word_1_41' title='bbox 1841 510 1904 566; x_wconf 88' lang='lat' dir='ltr'>in</span> 
     </span>
     <span class='ocr_line' id='line_1_8' title="bbox 218 588 538 647; baseline -0.006 0"><span class='ocrx_word' id='word_1_42' title='bbox 218 588 538 647; x_wconf 67' lang='lat' dir='ltr'>Eunucho?</span> 
     </span>
    </p>
   </div>
   <div class='ocr_carea' id='block_1_4' title="bbox 315 715 1662 842">
    <p class='ocr_par' dir='ltr' id='par_1_4' title="bbox 315 715 1647 831">
     <span class='ocr_line' id='line_1_9' title="bbox 315 715 1536 776; baseline 0.001 -13"><span class='ocrx_word' id='word_1_43' title='bbox 315 716 448 776; x_wconf 86' lang='lat' dir='ltr'>Quid</span> <span class='ocrx_word' id='word_1_44' title='bbox 472 715 624 776; x_wconf 85' lang='lat' dir='ltr'>igitur</span> <span class='ocrx_word' id='word_1_45' title='bbox 648 715 826 764; x_wconf 82' lang='lat' dir='ltr'>faciam</span> <span class='ocrx_word' id='word_1_46' title='bbox 842 716 866 764; x_wconf 81' lang='lat'>⁶?</span> <span class='ocrx_word' id='word_1_47' title='bbox 903 750 1536 764; x_wconf 90' lang='grc'><strong>.............</strong></span> 
     </span>
     <span class='ocr_line' id='line_1_10' title="bbox 316 781 1662 842; baseline 0 -12"><span class='ocrx_word' id='word_1_48' title='bbox 316 781 560 842; x_wconf 84' lang='lat' dir='ltr'>Exclusit,</span> <span class='ocrx_word' id='word_1_49' title='bbox 581 790 805 830; x_wconf 81' lang='lat' dir='ltr'>revocat:</span> <span class='ocrx_word' id='word_1_50' title='bbox 846 781 1081 829; x_wconf 83' lang='lat' dir='ltr'>redeam?</span> <span class='ocrx_word' id='word_1_51' title='bbox 1115 795 1231 841; x_wconf 88' lang='lat' dir='ltr'>non,</span> <span class='ocrx_word' id='word_1_52' title='bbox 1252 781 1298 829; x_wconf 84' lang='lat' dir='ltr'>si</span> <span class='ocrx_word' id='word_1_53' title='bbox 1319 796 1401 829; x_wconf 89' lang='lat' dir='ltr'>me</span> <span class='ocrx_word' id='word_1_54' title='bbox 1424 782 1662 832; x_wconf 83' lang='lat' dir='ltr'>obsecret.</span> 
     </span>
    </p>
   </div>
   <div class='ocr_carea' id='block_1_5' title="bbox 219 898 1909 1137">
    <p class='ocr_par' dir='ltr' id='par_1_5' title="bbox 219 898 1909 1137">
     <span class='ocr_line' id='line_1_11' title="bbox 219 898 1908 977; baseline 0.001 -22"><span class='ocrx_word' id='word_1_55' title='bbox 219 899 322 957; x_wconf 94' lang='lat' dir='ltr'>Ille</span> <span class='ocrx_word' id='word_1_56' title='bbox 349 919 483 957; x_wconf 87' lang='lat' dir='ltr'>vero</span> <span class='ocrx_word' id='word_1_57' title='bbox 519 900 579 957; x_wconf 92' lang='lat' dir='ltr'>in</span> <span class='ocrx_word' id='word_1_58' title='bbox 611 898 971 977; x_wconf 86' lang='lat' dir='ltr'>Synephebis</span> <span class='ocrx_word' id='word_1_59' title='bbox 998 898 1478 956; x_wconf 82' lang='lat' dir='ltr'>Academicorum</span> <span class='ocrx_word' id='word_1_60' title='bbox 1513 919 1673 957; x_wconf 91' lang='lat' dir='ltr'>more</span> <span class='ocrx_word' id='word_1_61' title='bbox 1705 907 1908 957; x_wconf 84' lang='lat' dir='ltr'>contra</span> 
     </span>
     <span class='ocr_line' id='line_1_12' title="bbox 219 978 1902 1055; baseline -0.001 -18"><span class='ocrx_word' id='word_1_62' title='bbox 219 999 584 1037; x_wconf 90' lang='lat' dir='ltr'>communem</span> <span class='ocrx_word' id='word_1_63' title='bbox 615 980 947 1055; x_wconf 78' lang='lat' dir='ltr'>opinionem</span> <span class='ocrx_word' id='word_1_64' title='bbox 977 998 1094 1035; x_wconf 91' lang='lat' dir='ltr'>non</span> <span class='ocrx_word' id='word_1_65' title='bbox 1125 978 1352 1036; x_wconf 92' lang='lat' dir='ltr'>dubitat</span> <span class='ocrx_word' id='word_1_66' title='bbox 1380 999 1636 1055; x_wconf 83' lang='lat' dir='ltr'>pugnare</span> <span class='ocrx_word' id='word_1_67' title='bbox 1665 981 1902 1048; x_wconf 90' lang='lat' dir='ltr'>ratione,</span> 
     </span>
     <span class='ocr_line' id='line_1_13' title="bbox 220 1059 1909 1137; baseline 0.001 -21"><span class='ocrx_word' id='word_1_68' title='bbox 220 1061 318 1137; x_wconf 90' lang='lat' dir='ltr'>qui</span> <span class='ocrx_word' id='word_1_69' title='bbox 340 1062 403 1116; x_wconf 79' lang='lat' dir='ltr'>in</span> <span class='ocrx_word' id='word_1_70' title='bbox 420 1079 609 1116; x_wconf 84' lang='lat' dir='ltr'>amore</span> <span class='ocrx_word' id='word_1_71' title='bbox 630 1078 851 1116; x_wconf 76' lang='lat' dir='ltr'>summo</span> <span class='ocrx_word' id='word_1_72' title='bbox 873 1076 1210 1131; x_wconf 78' lang='lat' dir='ltr'>summaque</span> <span class='ocrx_word' id='word_1_73' title='bbox 1226 1059 1422 1132; x_wconf 79' lang='lat' dir='ltr'>inopia</span> <span class='ocrx_word' id='word_1_74' title='bbox 1444 1078 1613 1116; x_wconf 79' lang='lat' dir='ltr'>suave</span> <span class='ocrx_word' id='word_1_75' title='bbox 1633 1078 1743 1116; x_wconf 72' lang='lat' dir='ltr'>esse</span> <span class='ocrx_word' id='word_1_76' title='bbox 1763 1059 1909 1117; x_wconf 87' lang='lat' dir='ltr'>dicit</span> 
     </span>
    </p>
   </div>
   <div class='ocr_carea' id='block_1_6' title="bbox 316 1179 1605 1331">
    <p class='ocr_par' dir='ltr' id='par_1_6' title="bbox 316 1179 1605 1331">
     <span class='ocr_line' id='line_1_14' title="bbox 316 1179 1605 1242; baseline 0.001 -12"><span class='ocrx_word' id='word_1_77' title='bbox 316 1183 584 1230; x_wconf 81' lang='lat' dir='ltr'>Parentem</span> <span class='ocrx_word' id='word_1_78' title='bbox 610 1181 793 1229; x_wconf 86' lang='lat' dir='ltr'>habere</span> <span class='ocrx_word' id='word_1_79' title='bbox 815 1195 1037 1238; x_wconf 84' lang='lat' dir='ltr'>avarum,</span> <span class='ocrx_word' id='word_1_80' title='bbox 1056 1179 1328 1242; x_wconf 87' lang='lat' dir='ltr'>illepidum,</span> <span class='ocrx_word' id='word_1_81' title='bbox 1350 1181 1400 1228; x_wconf 89' lang='lat' dir='ltr'>in</span> <span class='ocrx_word' id='word_1_82' title='bbox 1425 1180 1605 1231; x_wconf 85' lang='lat' dir='ltr'>liberos</span> 
     </span>
     <span class='ocr_line' id='line_1_15' title="bbox 317 1246 1501 1331; baseline 0 -35"><span class='ocrx_word' id='word_1_83' title='bbox 317 1247 603 1308; x_wconf 87' lang='lat' dir='ltr'>Difficilem,</span> <span class='ocrx_word' id='word_1_84' title='bbox 624 1247 709 1309; x_wconf 90' lang='lat' dir='ltr'>qui</span> <span class='ocrx_word' id='word_1_85' title='bbox 733 1254 782 1295; x_wconf 89' lang='lat' dir='ltr'>te</span> <span class='ocrx_word' id='word_1_86' title='bbox 806 1260 896 1294; x_wconf 91' lang='lat' dir='ltr'>nec</span> <span class='ocrx_word' id='word_1_87' title='bbox 920 1255 1054 1331; x_wconf 79' lang='lat' dir='ltr'>amet</span> <span class='ocrx_word' id='word_1_88' title='bbox 1077 1260 1170 1294; x_wconf 87' lang='lat' dir='ltr'>nec</span> <span class='ocrx_word' id='word_1_89' title='bbox 1194 1246 1391 1294; x_wconf 82' lang='lat' dir='ltr'>studeat</span> <span class='ocrx_word' id='word_1_90' title='bbox 1415 1247 1501 1297; x_wconf 86' lang='lat' dir='ltr'>tui.</span> 
     </span>
    </p>
   </div>
   <div class='ocr_carea' id='block_1_7' title="bbox 219 1372 1909 1535">
    <p class='ocr_par' dir='ltr' id='par_1_7' title="bbox 219 1372 1909 1535">
     <span class='ocr_line' id='line_1_16' title="bbox 223 1372 1909 1454; baseline -0.002 -19"><span class='ocrx_word' id='word_1_91' title='bbox 223 1377 254 1435; x_wconf 83' lang='lat'>&#39;7</span> <span class='ocrx_word' id='word_1_92' title='bbox 263 1384 314 1435; x_wconf 87' lang='lat'>3.</span> <span class='ocrx_word' id='word_1_93' title='bbox 340 1376 537 1454; x_wconf 89' lang='lat' dir='ltr'>Atque</span> <span class='ocrx_word' id='word_1_94' title='bbox 559 1375 694 1432; x_wconf 93' lang='lat' dir='ltr'>huic</span> <span class='ocrx_word' id='word_1_95' title='bbox 717 1372 1037 1431; x_wconf 90' lang='lat' dir='ltr'>incredibili</span> <span class='ocrx_word' id='word_1_96' title='bbox 1061 1374 1376 1432; x_wconf 89' lang='lat' dir='ltr'>sententiae</span> <span class='ocrx_word' id='word_1_97' title='bbox 1403 1374 1749 1432; x_wconf 85' lang='lat' dir='ltr'>ratiunculas</span> <span class='ocrx_word' id='word_1_98' title='bbox 1777 1394 1909 1451; x_wconf 85' lang='lat' dir='ltr'>sng-</span> 
     </span>
     <span class='ocr_line' id='line_1_17' title="bbox 219 1457 400 1535; baseline -0.011 -19"><span class='ocrx_word' id='word_1_99' title='bbox 219 1457 400 1535; x_wconf 87' lang='lat' dir='ltr'>gerit:</span> 
     </span>
    </p>
   </div>
   <div class='ocr_carea' id='block_1_8' title="bbox 317 1581 1536 1842">
    <p class='ocr_par' dir='ltr' id='par_1_8' title="bbox 317 1581 1536 1842">
     <span class='ocr_line' id='line_1_18' title="bbox 317 1581 1450 1644; baseline -0.002 -12"><span class='ocrx_word' id='word_1_100' title='bbox 317 1584 427 1633; x_wconf 84' lang='lat' dir='ltr'>Aut</span> <span class='ocrx_word' id='word_1_101' title='bbox 448 1590 502 1631; x_wconf 87' lang='lat' dir='ltr'>tu</span> <span class='ocrx_word' id='word_1_102' title='bbox 525 1583 664 1630; x_wconf 89' lang='lat' dir='ltr'>illum</span> <span class='ocrx_word' id='word_1_103' title='bbox 690 1582 858 1630; x_wconf 87' lang='lat' dir='ltr'>fructu</span> <span class='ocrx_word' id='word_1_104' title='bbox 880 1581 1023 1630; x_wconf 85' lang='lat' dir='ltr'>fallas</span> <span class='ocrx_word' id='word_1_105' title='bbox 1045 1590 1132 1629; x_wconf 87' lang='lat' dir='ltr'>aut</span> <span class='ocrx_word' id='word_1_106' title='bbox 1155 1596 1241 1644; x_wconf 89' lang='lat' dir='ltr'>per</span> <span class='ocrx_word' id='word_1_107' title='bbox 1260 1582 1450 1630; x_wconf 82' lang='lat' dir='ltr'>litteras</span> 
     </span>
     <span class='ocr_line' id='line_1_19' title="bbox 318 1648 1439 1710; baseline -0.003 -12"><span class='ocrx_word' id='word_1_108' title='bbox 318 1651 531 1698; x_wconf 83' lang='lat' dir='ltr'>Avertas</span> <span class='ocrx_word' id='word_1_109' title='bbox 555 1648 755 1710; x_wconf 84' lang='lat' dir='ltr'>aliquod</span> <span class='ocrx_word' id='word_1_110' title='bbox 780 1663 957 1696; x_wconf 88' lang='lat' dir='ltr'>nomen</span> <span class='ocrx_word' id='word_1_111' title='bbox 981 1655 1067 1695; x_wconf 85' lang='lat' dir='ltr'>aut</span> <span class='ocrx_word' id='word_1_112' title='bbox 1090 1663 1177 1708; x_wconf 85' lang='lat' dir='ltr'>per</span> <span class='ocrx_word' id='word_1_113' title='bbox 1200 1648 1439 1695; x_wconf 88' lang='lat' dir='ltr'>servolum</span> 
     </span>
     <span class='ocr_line' id='line_1_20' title="bbox 318 1714 1536 1776; baseline -0.002 -12"><span class='ocrx_word' id='word_1_114' title='bbox 318 1715 574 1764; x_wconf 83' lang='lat' dir='ltr'>Percutias</span> <span class='ocrx_word' id='word_1_115' title='bbox 597 1714 828 1776; x_wconf 84' lang='lat' dir='ltr'>pavidum</span> <span class='ocrx_word' id='word_1_116' title='bbox 848 1732 858 1762; x_wconf 75' lang='grc' dir='ltr'><strong>ε</strong></span> <span class='ocrx_word' id='word_1_117' title='bbox 900 1722 1149 1776; x_wconf 88' lang='lat' dir='ltr'>postremo</span> <span class='ocrx_word' id='word_1_118' title='bbox 1172 1729 1203 1761; x_wconf 84' lang='lat' dir='ltr'>a</span> <span class='ocrx_word' id='word_1_119' title='bbox 1225 1729 1373 1775; x_wconf 86' lang='lat' dir='ltr'>parco</span> <span class='ocrx_word' id='word_1_120' title='bbox 1397 1721 1536 1775; x_wconf 84' lang='lat' dir='ltr'>patre</span> 
     </span>
     <span class='ocr_line' id='line_1_21' title="bbox 319 1778 1394 1842; baseline -0.003 -14"><span class='ocrx_word' id='word_1_121' title='bbox 319 1781 465 1842; x_wconf 83' lang='lat' dir='ltr'>Quod</span> <span class='ocrx_word' id='word_1_122' title='bbox 489 1795 655 1828; x_wconf 80' lang='lat' dir='ltr'>sumas</span> <span class='ocrx_word' id='word_1_123' title='bbox 678 1788 867 1842; x_wconf 89' lang='lat' dir='ltr'>quanto</span> <span class='ocrx_word' id='word_1_124' title='bbox 891 1779 1115 1841; x_wconf 85' lang='lat' dir='ltr'>dissupas</span> <span class='ocrx_word' id='word_1_125' title='bbox 1138 1778 1394 1826; x_wconf 79' lang='lat' dir='ltr'>libentius!</span> 
     </span>
    </p>
   </div>
   <div class='ocr_carea' id='block_1_9' title="bbox 222 1895 1905 2053">
    <p class='ocr_par' dir='ltr' id='par_1_9' title="bbox 222 1895 1905 2053">
     <span class='ocr_line' id='line_1_22' title="bbox 223 1895 1905 1975; baseline -0.002 -18"><span class='ocrx_word' id='word_1_126' title='bbox 223 1899 498 1975; x_wconf 92' lang='lat' dir='ltr'>Idemque</span> <span class='ocrx_word' id='word_1_127' title='bbox 532 1895 761 1953; x_wconf 82' lang='lat' dir='ltr'>facilem</span> <span class='ocrx_word' id='word_1_128' title='bbox 797 1904 855 1953; x_wconf 94' lang='lat' dir='ltr'>et</span> <span class='ocrx_word' id='word_1_129' title='bbox 888 1895 1177 1953; x_wconf 88' lang='lat' dir='ltr'>liberalem</span> <span class='ocrx_word' id='word_1_130' title='bbox 1214 1903 1434 1972; x_wconf 91' lang='lat' dir='ltr'>patrem</span> <span class='ocrx_word' id='word_1_131' title='bbox 1469 1896 1905 1954; x_wconf 89' lang='lat' dir='ltr'>incommodum</span> 
     </span>
     <span class='ocr_line' id='line_1_23' title="bbox 222 1975 1035 2053; baseline -0.006 -16"><span class='ocrx_word' id='word_1_132' title='bbox 222 1999 341 2037; x_wconf 91' lang='lat' dir='ltr'>esse</span> <span class='ocrx_word' id='word_1_133' title='bbox 371 1977 586 2035; x_wconf 88' lang='lat' dir='ltr'>amanti</span> <span class='ocrx_word' id='word_1_134' title='bbox 615 1976 733 2033; x_wconf 89' lang='lat' dir='ltr'>filio</span> <span class='ocrx_word' id='word_1_135' title='bbox 763 1975 1035 2053; x_wconf 88' lang='lat' dir='ltr'>disputat,</span> 
     </span>
    </p>
   </div>
   <div class='ocr_carea' id='block_1_10' title="bbox 244 2102 1804 2364">
    <p class='ocr_par' dir='ltr' id='par_1_10' title="bbox 319 2102 1804 2299">
     <span class='ocr_line' id='line_1_24' title="bbox 319 2102 1804 2167; baseline 0.001 -15"><span class='ocrx_word' id='word_1_136' title='bbox 319 2106 478 2165; x_wconf 86' lang='lat' dir='ltr'>Quem</span> <span class='ocrx_word' id='word_1_137' title='bbox 504 2120 662 2167; x_wconf 88' lang='lat' dir='ltr'>neque</span> <span class='ocrx_word' id='word_1_138' title='bbox 685 2118 783 2166; x_wconf 92' lang='lat' dir='ltr'>quo</span> <span class='ocrx_word' id='word_1_139' title='bbox 804 2112 950 2165; x_wconf 86' lang='lat' dir='ltr'>pacto</span> <span class='ocrx_word' id='word_1_140' title='bbox 971 2103 1141 2151; x_wconf 84' lang='lat' dir='ltr'>fallam</span> <span class='ocrx_word' id='word_1_141' title='bbox 1167 2117 1327 2165; x_wconf 90' lang='lat' dir='ltr'>neque</span> <span class='ocrx_word' id='word_1_142' title='bbox 1348 2112 1403 2151; x_wconf 90' lang='lat' dir='ltr'>ut</span> <span class='ocrx_word' id='word_1_143' title='bbox 1426 2102 1541 2151; x_wconf 86' lang='lat' dir='ltr'>inde</span> <span class='ocrx_word' id='word_1_144' title='bbox 1568 2104 1804 2165; x_wconf 83' lang='lat' dir='ltr'>auferam,</span> 
     </span>
     <span class='ocr_line' id='line_1_25' title="bbox 320 2169 1766 2234; baseline -0.001 -15"><span class='ocrx_word' id='word_1_145' title='bbox 320 2173 426 2219; x_wconf 89' lang='lat' dir='ltr'>Nec</span> <span class='ocrx_word' id='word_1_146' title='bbox 449 2186 599 2234; x_wconf 91' lang='lat' dir='ltr'>quem</span> <span class='ocrx_word' id='word_1_147' title='bbox 625 2170 793 2217; x_wconf 88' lang='lat' dir='ltr'>dolum</span> <span class='ocrx_word' id='word_1_148' title='bbox 818 2169 882 2216; x_wconf 83' lang='lat' dir='ltr'>ad</span> <span class='ocrx_word' id='word_1_149' title='bbox 905 2184 1020 2216; x_wconf 89' lang='lat' dir='ltr'>eum</span> <span class='ocrx_word' id='word_1_150' title='bbox 1044 2176 1131 2216; x_wconf 86' lang='lat' dir='ltr'>aut</span> <span class='ocrx_word' id='word_1_151' title='bbox 1151 2169 1436 2216; x_wconf 85' lang='lat' dir='ltr'>machinam</span> <span class='ocrx_word' id='word_1_152' title='bbox 1460 2169 1766 2231; x_wconf 89' lang='lat' dir='ltr'>commoliar,</span> 
     </span>
     <span class='ocr_line' id='line_1_26' title="bbox 321 2233 1656 2313; baseline 0.001 -32.001"><span class='ocrx_word' id='word_1_153' title='bbox 321 2237 434 2285; x_wconf 79' lang='lat' dir='ltr'>Scio</span> <span class='ocrx_word' id='word_1_154' title='bbox 458 2236 756 2313; x_wconf 86' lang='lat' dir='ltr'>quidquam:</span> <span class='ocrx_word' id='word_1_155' title='bbox 796 2235 868 2282; x_wconf 85' lang='lat' dir='ltr'>ita</span> <span class='ocrx_word' id='word_1_156' title='bbox 890 2249 1064 2282; x_wconf 88' lang='lat' dir='ltr'>omnes</span> <span class='ocrx_word' id='word_1_157' title='bbox 1089 2248 1225 2281; x_wconf 89' lang='lat' dir='ltr'>meos</span> <span class='ocrx_word' id='word_1_158' title='bbox 1244 2233 1399 2293; x_wconf 91' lang='lat' dir='ltr'>dolos,</span> <span class='ocrx_word' id='word_1_159' title='bbox 1420 2233 1656 2296; x_wconf 82' lang='lat' dir='ltr'>fallacias,</span> 
     </span>
    </p>

    <p class='ocr_par' dir='ltr' id='par_1_11' title="bbox 244 2299 1507 2364">
     <span class='ocr_line' id='line_1_27' title="bbox 244 2299 1507 2364; baseline -0.002 -14"><span class='ocrx_word' id='word_1_160' title='bbox 244 2316 249 2319; x_wconf 78' lang='grc'><strong>’</strong></span> <span class='ocrx_word' id='word_1_161' title='bbox 320 2303 390 2350; x_wconf 73' lang='lat'>121</span> <span class='ocrx_word' id='word_1_162' title='bbox 391 2314 620 2362; x_wconf 76' lang='lat' dir='ltr'>aestigtas</span> <span class='ocrx_word' id='word_1_163' title='bbox 642 2300 964 2364; x_wconf 74' lang='lat' dir='ltr'>pr=aest1inxit</span> <span class='ocrx_word' id='word_1_164' title='bbox 987 2299 1317 2348; x_wconf 88' lang='lat' dir='ltr'>commoditas</span> <span class='ocrx_word' id='word_1_165' title='bbox 1340 2299 1507 2362; x_wconf 76' lang='lat' dir='ltr'>panis,</span> 
     </span>
    </p>
   </div>
   <div class='ocr_carea' id='block_1_11' title="bbox 225 2416 1911 2654">
    <p class='ocr_par' dir='ltr' id='par_1_12' title="bbox 225 2416 1911 2654">
     <span class='ocr_line' id='line_1_28' title="bbox 225 2416 1911 2494; baseline -0.001 -18"><span class='ocrx_word' id='word_1_166' title='bbox 225 2419 380 2489; x_wconf 82' lang='lat' dir='ltr'>Quid</span> <span class='ocrx_word' id='word_1_167' title='bbox 397 2437 533 2494; x_wconf 87' lang='lat' dir='ltr'>ergo</span> <span class='ocrx_word' id='word_1_168' title='bbox 551 2417 648 2475; x_wconf 89' lang='lat' dir='ltr'>isti</span> <span class='ocrx_word' id='word_1_169' title='bbox 667 2417 801 2487; x_wconf 88' lang='lat' dir='ltr'>doli,</span> <span class='ocrx_word' id='word_1_170' title='bbox 824 2417 964 2494; x_wconf 91' lang='lat' dir='ltr'>quid</span> <span class='ocrx_word' id='word_1_171' title='bbox 984 2416 1299 2488; x_wconf 87' lang='lat' dir='ltr'>machinae,</span> <span class='ocrx_word' id='word_1_172' title='bbox 1321 2416 1460 2493; x_wconf 90' lang='lat' dir='ltr'>quid</span> <span class='ocrx_word' id='word_1_173' title='bbox 1477 2416 1735 2475; x_wconf 82' lang='lat' dir='ltr'>fallaciae</span> <span class='ocrx_word' id='word_1_174' title='bbox 1752 2436 1911 2493; x_wconf 87' lang='lat' dir='ltr'>prae·</span> 
     </span>
     <span class='ocr_line' id='line_1_29' title="bbox 226 2497 1911 2576; baseline -0.001 -20"><span class='ocrx_word' id='word_1_175' title='bbox 226 2500 540 2576; x_wconf 81' lang='lat' dir='ltr'>stigiaeque</span> <span class='ocrx_word' id='word_1_176' title='bbox 561 2499 580 2555; x_wconf 68' lang='grc' dir='ltr'>’.ἒ</span> <span class='ocrx_word' id='word_1_177' title='bbox 607 2517 748 2554; x_wconf 89' lang='lat' dir='ltr'>num</span> <span class='ocrx_word' id='word_1_178' title='bbox 767 2498 888 2554; x_wconf 92' lang='lat' dir='ltr'>sine</span> <span class='ocrx_word' id='word_1_179' title='bbox 906 2498 1126 2555; x_wconf 90' lang='lat' dir='ltr'>ratione</span> <span class='ocrx_word' id='word_1_180' title='bbox 1146 2516 1265 2554; x_wconf 90' lang='lat' dir='ltr'>esse</span> <span class='ocrx_word' id='word_1_181' title='bbox 1284 2498 1629 2573; x_wconf 64' lang='lat' dir='ltr'>potuerunt?</span> <span class='ocrx_word' id='word_1_182' title='bbox 1682 2497 1735 2556; x_wconf 91' lang='lat' dir='ltr'>O</span> <span class='ocrx_word' id='word_1_183' title='bbox 1753 2516 1911 2573; x_wconf 89' lang='lat' dir='ltr'>prae-</span> 
     </span>
     <span class='ocr_line' id='line_1_30' title="bbox 226 2577 1809 2654; baseline -0.001 -18"><span class='ocrx_word' id='word_1_184' title='bbox 226 2580 440 2636; x_wconf 90' lang='lat' dir='ltr'>clarum</span> <span class='ocrx_word' id='word_1_185' title='bbox 468 2597 677 2635; x_wconf 91' lang='lat' dir='ltr'>munus</span> <span class='ocrx_word' id='word_1_186' title='bbox 705 2578 960 2649; x_wconf 90' lang='lat' dir='ltr'>deorum,</span> <span class='ocrx_word' id='word_1_187' title='bbox 980 2585 1047 2634; x_wconf 91' lang='lat' dir='ltr'>ut</span> <span class='ocrx_word' id='word_1_188' title='bbox 1074 2577 1355 2634; x_wconf 89' lang='lat' dir='ltr'>Phormio</span> <span class='ocrx_word' id='word_1_189' title='bbox 1385 2578 1568 2654; x_wconf 77' lang='lat' dir='ltr'>possit</span> <span class='ocrx_word' id='word_1_190' title='bbox 1597 2577 1809 2636; x_wconf 86' lang='lat' dir='ltr'>dicere:</span> 
     </span>
    </p>
   </div>
   <div class='ocr_carea' id='block_1_12' title="bbox 227 2704 1903 2756">
    <p class='ocr_par' dir='ltr' id='par_1_13' title="bbox 227 2704 1903 2756">
     <span class='ocr_line' id='line_1_31' title="bbox 227 2704 1903 2756; baseline -0.001 0"><span class='ocrx_word' id='word_1_191' title='bbox 227 2707 365 2756; x_wconf 88' lang='lat' dir='ltr'>Cedo</span> <span class='ocrx_word' id='word_1_192' title='bbox 388 2721 584 2755; x_wconf 87' lang='lat' dir='ltr'>senem:</span> <span class='ocrx_word' id='word_1_193' title='bbox 624 2705 724 2753; x_wconf 84' lang='lat' dir='ltr'>iam</span> <span class='ocrx_word' id='word_1_194' title='bbox 750 2706 988 2753; x_wconf 85' lang='lat' dir='ltr'>instructa</span> <span class='ocrx_word' id='word_1_195' title='bbox 1012 2711 1125 2752; x_wconf 89' lang='lat' dir='ltr'>sunt</span> <span class='ocrx_word' id='word_1_196' title='bbox 1149 2705 1215 2752; x_wconf 89' lang='lat' dir='ltr'>mi</span> <span class='ocrx_word' id='word_1_197' title='bbox 1242 2705 1293 2753; x_wconf 91' lang='lat' dir='ltr'>in</span> <span class='ocrx_word' id='word_1_198' title='bbox 1319 2705 1467 2754; x_wconf 88' lang='lat' dir='ltr'>corde</span> <span class='ocrx_word' id='word_1_199' title='bbox 1489 2705 1694 2754; x_wconf 88' lang='lat' dir='ltr'>consilia</span> <span class='ocrx_word' id='word_1_200' title='bbox 1720 2704 1903 2754; x_wconf 88' lang='lat' dir='ltr'>omnia.</span> 
     </span>
    </p>
   </div>
   <div class='ocr_carea' id='block_1_13' title="bbox 228 2822 1915 3216">
    <p class='ocr_par' dir='ltr' id='par_1_14' title="bbox 228 2822 1915 3216">
     <span class='ocr_line' id='line_1_32' title="bbox 228 2822 1914 2893; baseline -0.002 -10"><span class='ocrx_word' id='word_1_201' title='bbox 228 2825 426 2883; x_wconf 91' lang='lat' dir='ltr'>XXX.</span> <span class='ocrx_word' id='word_1_202' title='bbox 514 2824 605 2881; x_wconf 83' lang='lat'>74.</span> <span class='ocrx_word' id='word_1_203' title='bbox 643 2823 758 2881; x_wconf 88' lang='lat' dir='ltr'>Sed</span> <span class='ocrx_word' id='word_1_204' title='bbox 791 2842 1057 2880; x_wconf 86' lang='lat' dir='ltr'>exeamus</span> <span class='ocrx_word' id='word_1_205' title='bbox 1091 2842 1123 2879; x_wconf 90' lang='lat' dir='ltr'>e</span> <span class='ocrx_word' id='word_1_206' title='bbox 1150 2823 1392 2893; x_wconf 84' lang='lat' dir='ltr'>theatrO,</span> <span class='ocrx_word' id='word_1_207' title='bbox 1413 2824 1709 2880; x_wconf 84' lang='lat' dir='ltr'>veniamus</span> <span class='ocrx_word' id='word_1_208' title='bbox 1737 2823 1795 2880; x_wconf 92' lang='lat' dir='ltr'>in</span> <span class='ocrx_word' id='word_1_209' title='bbox 1825 2822 1914 2880; x_wconf 83' lang='lat' dir='ltr'>fo·</span> 
     </span>
     <span class='ocr_line' id='line_1_33' title="bbox 228 2902 1913 2979; baseline -0.001 -16"><span class='ocrx_word' id='word_1_210' title='bbox 228 2926 372 2963; x_wconf 91' lang='lat' dir='ltr'>rum.</span> <span class='ocrx_word' id='word_1_211' title='bbox 459 2903 687 2961; x_wconf 82' lang='lat' dir='ltr'>Sessum</span> <span class='ocrx_word' id='word_1_212' title='bbox 718 2904 765 2959; x_wconf 91' lang='lat' dir='ltr'>it</span> <span class='ocrx_word' id='word_1_213' title='bbox 792 2911 1033 2979; x_wconf 91' lang='lat' dir='ltr'>praetor.</span> <span class='ocrx_word' id='word_1_214' title='bbox 1121 2902 1275 2971; x_wconf 82' lang='lat' dir='ltr'>Quid</span> <span class='ocrx_word' id='word_1_215' title='bbox 1305 2911 1368 2960; x_wconf 91' lang='lat' dir='ltr'>ut</span> <span class='ocrx_word' id='word_1_216' title='bbox 1396 2905 1717 2961; x_wconf 65' lang='lat' dir='ltr'>iudicetur?</span> <span class='ocrx_word' id='word_1_217' title='bbox 1798 2902 1913 2972; x_wconf 82' lang='lat' dir='ltr'>Qui</span> 
     </span>
     <span class='ocr_line' id='line_1_34' title="bbox 228 2981 1913 3049; baseline -0.001 -7"><span class='ocrx_word' id='word_1_218' title='bbox 228 2984 574 3042; x_wconf 87' lang='lat' dir='ltr'>tabularium</span> <span class='ocrx_word' id='word_1_219' title='bbox 604 2982 934 3039; x_wconf 90' lang='lat' dir='ltr'>incenderit.</span> <span class='ocrx_word' id='word_1_220' title='bbox 1007 2981 1178 3049; x_wconf 85' lang='lat' dir='ltr'>Quod</span> <span class='ocrx_word' id='word_1_221' title='bbox 1207 2984 1429 3040; x_wconf 87' lang='lat' dir='ltr'>facinus</span> <span class='ocrx_word' id='word_1_222' title='bbox 1458 2984 1773 3041; x_wconf 69' lang='lat' dir='ltr'>occultius?</span> <span class='ocrx_word' id='word_1_223' title='bbox 1843 2983 1913 3040; x_wconf 91' lang='lat' dir='ltr'>Id</span> 
     </span>
     <span class='ocr_line' id='line_1_35' title="bbox 232 3060 1915 3139; baseline -0.001 -19"><span class='ocrx_word' id='word_1_224' title='bbox 232 3084 291 3121; x_wconf 90' lang='lat' dir='ltr'>se</span> <span class='ocrx_word' id='word_1_225' title='bbox 313 3063 380 3132; x_wconf 81' lang='lat' dir='ltr'>Q.</span> <span class='ocrx_word' id='word_1_226' title='bbox 404 3062 616 3129; x_wconf 75' lang='lat' dir='ltr'>SosiuS,</span> <span class='ocrx_word' id='word_1_227' title='bbox 635 3060 966 3137; x_wconf 84' lang='lat' dir='ltr'>splendidus</span> <span class='ocrx_word' id='word_1_228' title='bbox 988 3080 1160 3137; x_wconf 85' lang='lat' dir='ltr'>eques</span> <span class='ocrx_word' id='word_1_229' title='bbox 1182 3061 1475 3119; x_wconf 85' lang='lat' dir='ltr'>Romanus</span> <span class='ocrx_word' id='word_1_230' title='bbox 1497 3083 1565 3119; x_wconf 87' lang='lat' dir='ltr'>ex</span> <span class='ocrx_word' id='word_1_231' title='bbox 1594 3083 1732 3139; x_wconf 84' lang='lat' dir='ltr'>agro</span> <span class='ocrx_word' id='word_1_232' title='bbox 1756 3063 1915 3120; x_wconf 91' lang='lat' dir='ltr'>Pice-</span> 
     </span>
     <span class='ocr_line' id='line_1_36' title="bbox 233 3139 1915 3216; baseline 0 -16"><span class='ocrx_word' id='word_1_233' title='bbox 233 3163 328 3209; x_wconf 86' lang='lat' dir='ltr'>n0,</span> <span class='ocrx_word' id='word_1_234' title='bbox 359 3142 561 3199; x_wconf 86' lang='lat' dir='ltr'>fecisse</span> <span class='ocrx_word' id='word_1_235' title='bbox 597 3140 891 3196; x_wconf 70' lang='lat' dir='ltr'>confessus</span> <span class='ocrx_word' id='word_1_236' title='bbox 925 3147 1026 3195; x_wconf 89' lang='lat' dir='ltr'>est.</span> <span class='ocrx_word' id='word_1_237' title='bbox 1106 3139 1220 3206; x_wconf 81' lang='lat' dir='ltr'>Qui</span> <span class='ocrx_word' id='word_1_238' title='bbox 1248 3142 1663 3216; x_wconf 81' lang='lat' dir='ltr'>transcripserit</span> <span class='ocrx_word' id='word_1_239' title='bbox 1690 3142 1915 3200; x_wconf 88' lang='lat' dir='ltr'>tabulas</span> 
     </span>
    </p>
   </div>
  </div>
 </body>
</html>
