2205 3431
537 121 674 171 LIB.
703 121 799 181 ῙῙ.,
824 120 979 170 CAP.
1007 119 1433 180 LXIL-LXIV„
1457 118 1485 178 ἓ
1512 120 1751 169 154-161.
1888 122 1983 168 103

304 223 500 281 ferunt
533 223 644 279 nisi
675 229 743 279 ut
775 241 969 279 earum
1003 221 1152 278 villis
1185 221 1464 278 confectis
1496 227 1667 297 atque
1700 221 1984 278 contextis

304 302 569 360 homines
601 303 950 359 vestiantur?
1031 300 1191 369 Quae
1222 302 1453 379 quidem
1484 320 1668 377 neque
1696 301 1772 357 ali
1799 320 1984 377 neque

305 383 609 439 sustentari
637 401 820 459 neque
847 381 1026 438 ullum
1054 382 1307 438 fructum
1339 382 1504 438 edere
1533 401 1602 438 ex
1635 401 1694 438 se
1723 382 1843 438 sine
1873 381 1985 437 cul-

304 470 371 520 tu
404 462 705 519 hominum
749 469 806 519 et
839 462 1131 518 curatione
1164 462 1500 538 potuissent.
1586 461 1808 517 Canum
1852 480 1983 517 vero

304 550 425 599 tam
458 542 574 599 fida
605 541 867 599 custodia
898 549 1132 618 tamque
1164 560 1362 597 amans
1395 541 1762 598 dominorum
1796 540 1986 597 adula-

302 623 389 679 tio
416 629 756 699 tantumque
790 622 987 679 odium
1015 622 1077 678 in
1107 628 1371 678 externos
1404 628 1461 678 et
1488 628 1607 677 tam
1638 619 1985 677 incredibilis

303 702 379 759 ad
400 702 860 778 investigandum
889 702 1167 778 sagacitas
1195 702 1435 771 narium,
1456 708 1619 758 tanta
1644 700 1903 757 alacritas
1923 700 1984 755 in

303 782 564 840 venando
609 781 749 858 quid
789 781 1074 858 significat
1114 781 1270 838 aliud
1311 782 1423 837 nisi
1464 800 1523 838 se
1566 780 1640 837 ad
1681 780 1984 836 hominum

303 862 744 918 commoditates
771 880 891 919 esse
918 863 1256 938 generatos?
1341 866 1471 918 159.
1517 860 1672 929 Quid
1700 860 1772 917 de
1799 859 1985 917 bobus

302 941 536 1018 loquar?
579 960 820 1018 quorum
850 942 975 1018 ipsa
1000 948 1165 1018 terga
1197 941 1486 998 declarant
1513 960 1630 998 non
1664 959 1784 997 esse
1818 959 1877 997 se
1910 939 1986 996 ad

304 1040 450 1077 onus
483 1022 879 1097 accipiendum
911 1020 1171 1098 figurata,
1203 1022 1447 1079 cervices
1480 1028 1673 1078 autem
1707 1026 1874 1077 natae
1911 1019 1985 1076 ad

302 1101 520 1177 iugum,
551 1108 678 1158 tum
711 1101 857 1158 vires
891 1121 1217 1158 umerorum
1252 1108 1311 1158 et
1338 1100 1670 1158 latitudines
1698 1101 1772 1157 ad
1799 1106 1984 1157 aratra

303 1181 666 1238 extrahenda.
744 1180 981 1250 Quibus,
1013 1200 1146 1237 cum
1186 1189 1368 1238 terrae
1410 1180 1808 1257 subigerentur
1847 1179 1987 1235 fissi-

305 1280 413 1318 one
450 1260 797 1337 glaebarum,
828 1260 900 1317 ab
942 1260 1041 1318 illo
1084 1280 1255 1317 aureo
1296 1280 1520 1337 genere,
1553 1268 1618 1318 ut
1657 1267 1867 1337 poetae
1908 1259 1986 1316 lo-

304 1349 573 1416 quuntur,
598 1341 684 1397 vis
712 1340 868 1398 nulla
895 1360 1167 1417 umquam
1199 1340 1577 1398 adserebatur.

459 1476 644 1524 Ferrea
669 1484 776 1522 tum
799 1490 914 1523 vero
937 1475 1098 1537 proles
1123 1482 1300 1523 exorta
1320 1482 1519 1537 repente
1541 1482 1616 1523 est

459 1542 697 1603 Ansaque
721 1540 967 1588 funestum
989 1540 1149 1601 prima
1171 1549 1246 1588 est
1268 1540 1553 1588 fabricarier
1574 1554 1744 1588 ensem

458 1606 527 1653 Et
545 1615 745 1667 gustare
767 1621 920 1653 manu
942 1606 1164 1654 vinctum
1187 1606 1529 1669 domitumque
1552 1606 1827 1654 iuvencum.

302 1741 489 1798 Tanta
519 1740 830 1817 putabatur
861 1740 1079 1798 utilitas
1112 1741 1332 1818 percipi
1360 1760 1429 1798 ex
1457 1740 1657 1812 bobuS,
1688 1748 1754 1798 ut
1788 1760 1985 1798 eorum

303 1821 612 1878 visceribus
639 1821 791 1878 vesci
821 1820 1000 1878 scelus
1027 1821 1345 1879 haberetur.

384 1901 597 1959 LXIV.
642 1900 908 1978 Longum
950 1908 1038 1958 est
1077 1901 1366 1971 mulorum
1404 1901 1668 1978 persequi
1708 1900 1986 1958 utilitates

304 1988 363 2038 ct
403 1981 710 2053 asinorum,
732 2000 886 2057 quae
928 1987 1078 2039 certe
1112 1982 1185 2038 ad
1212 1981 1520 2038 hominum·
1557 2001 1723 2038 usum
1757 1989 1986 2058 paratae

304 2068 454 2118 sunt.
543 2066 673 2119 160.
733 2060 843 2118 Sus
892 2080 1024 2118 vero
1082 2061 1223 2137 quid
1271 2060 1445 2118 habet
1490 2068 1715 2137 praeter
1762 2062 1987 2118 escam?

303 2140 416 2198 Cui
459 2141 707 2217 quidem,
737 2159 811 2198 ne
844 2148 1181 2218 putesceret,
1213 2141 1464 2198 animam
1506 2143 1690 2218 ipsam
1724 2160 1829 2216 pro
1873 2141 1987 2197 sale

303 2220 499 2277 datam
553 2221 695 2278 dicit
749 2240 869 2278 esse
925 2221 1300 2298 Chrysippus,
1384 2220 1512 2289 Qua
1563 2221 1799 2297 pecude,
1832 2220 1989 2296 quod

304 2308 426 2358 erat
457 2301 531 2358 ad
563 2300 905 2358 vescendum
940 2300 1284 2357 hominibus·
1306 2307 1457 2377 apta,
1487 2300 1631 2357 nihil
1659 2300 1861 2376 genuit
1893 2320 1985 2356 na-

303 2388 434 2437 tura
472 2380 792 2438 fecundius,
876 2379 1032 2448 Quid
1065 2380 1496 2438 multitudinem
1536 2381 1988 2456 suavitatemque

303 2460 548 2537 piscium
592 2460 796 2530 dicam,
829 2460 968 2536 quid
1001 2460 1226 2518 avium?
1268 2479 1336 2517 ex
1380 2460 1586 2537 quibus
1619 2467 1780 2518 tanta
1811 2461 1990 2536 perci-

303 2541 461 2617 pitur
502 2540 780 2616 voluptaS,
813 2549 880 2596 ut
920 2541 1210 2597 interdum
1243 2539 1509 2597 Pronoea
1549 2547 1743 2597 nostra
1782 2539 1990 2616 Epicu-

303 2639 400 2677 rea
439 2620 616 2677 fuisse
657 2620 930 2677 videatur.
1015 2620 1213 2696 Atque
1246 2619 1352 2677 hae
1386 2639 1457 2677 ne
1491 2626 1827 2695 caperentur
1869 2620 1990 2696 qui·

305 2700 456 2771 dem,
488 2699 599 2757 nisi
646 2699 949 2756 hominum
1004 2700 1225 2756 ratione
1279 2708 1450 2776 atque
1500 2699 1763 2770 sollertia,
1795 2719 1990 2776 quam-

306 2799 478 2856 quam
523 2799 654 2837 aves
698 2779 971 2856 quasdam
1017 2786 1076 2836 et
1120 2779 1283 2836 alites
1326 2789 1385 2836 et
1428 2780 1665 2850 oscineS,
1702 2786 1768 2836 ut
1808 2780 1990 2837 nostri

305 2879 548 2936 augures
586 2859 897 2936 appellant,
928 2878 1118 2916 rerum
1160 2859 1618 2935 augurandarum
1660 2878 1829 2916 causa
1869 2879 1990 2917 esse

304 2948 468 2996 natas
513 2946 798 3016 putamuS.
889 2944 1021 2996 161.
1066 2939 1192 2996 Iam
1236 2959 1370 2996 vero
1414 2940 1797 3009 immanesfet
1838 2940 1990 2996 feras

303 3019 500 3076 beluas
543 3019 925 3076 nanciscimur
966 3019 1247 3089 venando,
1279 3026 1343 3076 ut
1386 3026 1445 3076 et
1488 3038 1781 3076 vescamur
1817 3019 1889 3075 iis
1931 3027 1991 3077 et

305 3118 667 3157 exerceamur
694 3099 754 3155 in
790 3098 1051 3156 venando
1080 3100 1152 3156 ad
1183 3099 1617 3156 similitudinem
1646 3098 1878 3155 bellicae
1908 3098 1990 3155 di÷

307 3179 581 3257 sciplinae
613 3188 672 3236 et
704 3186 934 3236 utamur
963 3178 1201 3236 domitis
1234 3188 1292 3236 et
1319 3178 1760 3247 condocefactiS,
1794 3184 1857 3233 ut
1884 3176 1989 3234 ele-

2037 3228 2120 3293 ,Ι
