2205 3431
494 123 633 171 121ss.
667 119 1569 184 11.,CAP.XXX11.-XXX1V.‚§
1606 124 1780 171 82-88.
1920 125 1982 172 77

301 224 424 301 regi
444 223 831 281 confitendum
862 230 965 282 est.
1044 229 1136 281 86.
1168 222 1399 281 Etenim
1430 223 1530 300 qui
1551 223 1795 300 reliquas
1823 231 1984 280 natu-

300 324 392 360 ras
420 323 618 361 omnes
646 323 952 380 earumque
974 304 1194 361 semina
1213 304 1505 361 contineat
1529 303 1626 380 qui
1648 310 1840 379 potest
1860 304 1984 380 ipse

301 402 418 440 non
453 390 655 441 natura
686 384 1110 441 administrari?
1151 389 1233 453 ut,
1259 383 1305 440 si
1336 384 1436 460 qui
1465 383 1664 440 dentes
1697 390 1756 439 et
1783 383 1986 459 puber-

301 471 480 521 tatem
509 471 711 521 natura
739 464 893 521 dicat
920 464 1204 533 exsistere,
1230 463 1417 539 ipsum
1449 471 1642 520 autem
1669 461 1981 533 hominem,

302 544 396 601 cui
428 563 496 601 ea
527 544 818 614 exsistant,
850 563 967 600 non
1002 551 1262 600 constare
1296 549 1513 608 natura,
1538 562 1656 599 non
1689 542 1986 619 intellegat

302 643 384 693 ea,
410 643 554 700 quae
587 624 828 681 efferant
860 624 1078 701 aliquid
1111 643 1180 680 ex
1215 642 1351 694 sese,
1375 623 1746 699 perfectiores
1777 622 1985 680 habere

303 712 533 761 naturas
561 723 732 780 quam
762 723 843 774 ea,
869 722 1013 778 quae
1041 723 1111 760 ex
1139 704 1210 760 iis
1231 704 1554 761 efferantur.

384 783 673 842 XXXIV.
710 782 984 842 Omnium
1020 791 1209 840 autem
1247 802 1453 855 rerum,
1480 796 1624 861 quae
1657 789 1860 840 natura
1890 783 1985 840 ad-

304 864 716 934 ministrantur,
739 864 1049 921 seminator
1081 871 1141 921 et
1175 870 1328 920 sator
1360 870 1419 921 et
1451 882 1671 940 parenS,
1696 871 1762 920 ut
1790 864 1871 920 ita
1903 863 1987 919 di-

304 963 448 1014 cam,
479 951 649 1020 atque
691 943 963 1001 educator
995 951 1054 1002 et
1086 944 1233 1001 altor
1266 950 1353 1000 est
1384 943 1639 1000 mundus
1680 943 1986 1020 omniaque

304 1024 454 1081 sicut
486 1023 743 1081 membra
774 1031 833 1081 et
865 1030 1055 1101 partes
1097 1043 1228 1081 suas
1267 1025 1585 1081 nutricatur
1617 1030 1676 1080 et
1708 1023 1983 1080 continet.

305 1103 478 1172 Quod
505 1104 552 1160 si
580 1104 784 1160 mundi
805 1111 995 1181 partes
1021 1112 1225 1162 natura
1252 1104 1738 1174 administrantur,
1759 1122 1987 1161 necesse

305 1190 394 1240 est
433 1184 713 1241 mundum
755 1184 946 1260 ipsum
987 1191 1192 1242 natura
1232 1183 1634 1253 administrari,
1664 1184 1825 1240 cuins
1867 1184 1989 1260 qui-

306 1263 440 1320 dem
467 1264 888 1322 administratio
917 1263 1061 1321 nihil
1082 1263 1258 1321 habet
1285 1264 1344 1322 in
1375 1283 1434 1321 se
1463 1263 1620 1340 quod
1647 1262 1988 1341 reprehendi

305 1344 522 1419 possit:
558 1364 626 1401 ex
647 1344 718 1400 iis
740 1345 892 1401 enim
923 1344 1157 1415 naturiS,
1180 1362 1323 1421 quae
1345 1351 1521 1413 erant,
1544 1343 1700 1420 quod
1721 1342 1867 1400 effici
1890 1362 1990 1419 op-

307 1424 515 1480 timum
543 1424 736 1500 potuit
764 1424 1033 1481 effectum
1063 1430 1166 1480 est.
1245 1424 1337 1480 87.
1367 1423 1591 1480 Doceat
1618 1442 1754 1499 ergo
1783 1423 1989 1500 aliquis

307 1504 562 1580 potuisse
593 1504 814 1561 melius,
900 1503 1013 1561 Sed
1046 1522 1219 1561 nemo
1260 1522 1534 1579 umquam
1569 1502 1800 1560 docebit
1833 1510 1907 1573 et,
1940 1503 1989 1559 si

310 1583 437 1660 quis
477 1584 756 1659 corrigere
797 1583 1015 1660 aliquid
1050 1583 1220 1653 volet,
1250 1590 1350 1640 aut
1392 1582 1641 1639 deterius
1673 1582 1849 1639 faciet
1890 1589 1990 1639 aut

306 1663 386 1735 id,
408 1663 563 1741 quod
584 1662 705 1721 fieri
734 1683 849 1721 non
873 1664 1144 1741 potuerit,
1166 1662 1526 1721 desiderabit.
1595 1661 1767 1731 Quod
1795 1662 1843 1719 si
1872 1682 1992 1720 om-

308 1763 410 1801 nes
449 1744 652 1801 mundi
685 1751 874 1821 partes
907 1745 989 1801 ita
1029 1744 1376 1802 constitutae
1411 1750 1560 1812 sunt,
1591 1750 1657 1800 ut
1689 1761 1875 1818 neque
1916 1742 1991 1800 ad

307 1844 475 1881 usum
503 1825 766 1882 meliores
793 1825 1088 1901 potuerint
1117 1844 1237 1882 esse
1270 1843 1454 1900 neque
1488 1823 1562 1880 ad
1591 1823 1839 1900 speciem
1868 1822 1992 1900 pul-

308 1903 575 1975 chrioreS,
610 1904 905 1962 videamus
948 1911 1142 1962 utrum
1185 1924 1252 1962 ea
1289 1904 1606 1961 fortuitane
1648 1903 1766 1960 sint
1805 1923 1877 1960 an
1921 1922 1991 1960 eo

308 1990 478 2064 statu,
505 2003 618 2061 quo
647 1984 945 2042 cohaerere
973 1984 1132 2041 nullo
1159 1984 1337 2042 modo
1365 1984 1661 2061 potuerint
1682 1983 1792 2040 nisi
1823 2003 1991 2041 sensu

307 2053 642 2121 moderante
671 2064 975 2141 divinaque
1003 2064 1382 2141 providentia.
1460 2063 1523 2120 Si
1551 2064 1730 2140 igitur
1755 2064 1993 2120 meliora

309 2151 444 2201 sunt
485 2163 566 2215 ea,
600 2164 743 2221 quae
785 2152 1003 2216 natura,
1037 2163 1210 2221 quam
1251 2144 1364 2214 illa,
1397 2163 1541 2220 quae
1583 2151 1703 2200 arte
1737 2144 1994 2220 perfecta

308 2230 458 2292 sunt,
483 2240 587 2279 nec
620 2242 708 2279 ars
742 2223 916 2280 efficit
945 2225 1250 2299 quicquam
1280 2224 1401 2280 sine
1429 2224 1665 2293 ratione,
1690 2243 1762 2280 ne
1790 2229 1994 2280 natura

310 2301 551 2393 quidem
572 2302 810 2359 rationis
838 2322 1038 2379 expers
1065 2309 1155 2360 est
1174 2303 1452 2360 habenda.
1522 2302 1637 2371 Qui
1660 2303 1835 2379 igitur
1863 2322 1994 2360 con-

309 2381 483 2452 venit,
505 2381 731 2457 signum
762 2389 862 2439 aut
882 2382 1137 2440 tabulam
1166 2383 1382 2460 pictam
1411 2402 1542 2440 cum
1571 2384 1871 2460 aspexeriS,
1892 2383 1995 2439 sci·

309 2480 369 2517 re
398 2461 712 2519 adhibitam
745 2481 864 2519 esse
886 2469 1082 2533 artem,
1105 2482 1349 2540 cumque
1371 2463 1568 2540 procul
1592 2482 1817 2519 cursum
1841 2462 1996 2520 navi-

310 2541 393 2617 gii
426 2541 650 2612 videriS,
681 2561 800 2598 non
834 2542 1095 2602 dubitare
1140 2543 1278 2619 quin
1311 2543 1374 2599 id
1406 2542 1626 2600 ratione
1669 2550 1841 2619 atque
1874 2549 1993 2598 arte

309 2625 609 2678 moveatur
640 2629 758 2691 aut,
788 2641 918 2679 cum
954 2622 1223 2679 solarium
1267 2630 1367 2680 aut
1399 2623 1749 2699 descriptum
1793 2628 1893 2678 aut
1925 2641 1994 2679 ex

310 2720 459 2777 aqua
476 2702 878 2778 contemplere,
895 2702 1224 2778 intellegere
1246 2702 1516 2759 declarari
1532 2701 1702 2758 horas
1724 2708 1860 2772 arte,
1877 2720 1996 2758 non

310 2800 461 2850 casn,
479 2781 764 2838 mundum
792 2790 1003 2852 autem,
1024 2783 1126 2859 qui
1154 2789 1212 2839 et
1232 2782 1335 2839 has
1356 2783 1509 2859 ipsas
1537 2788 1686 2839 artes
1714 2788 1773 2839 et
1801 2800 1995 2838 earum

312 2860 555 2918 artifices
597 2869 656 2919 et
688 2869 892 2919 cuncta
933 2861 1363 2938 complectatur,
1394 2861 1618 2919 consilii
1660 2868 1719 2918 et
1758 2861 1997 2919 rationis

311 2959 433 2997 esse
463 2948 754 3017 expertem
784 2943 1022 3018 putare?
1085 2948 1177 2999 88.
1211 2941 1382 3009 Quod
1410 2942 1457 2998 si
1481 2942 1540 2998 in
1570 2941 1867 3017 Scythiam
1897 2947 1997 2997 aut

310 3020 374 3077 in
416 3020 777 3078 Britanniam
821 3021 1119 3098 sphaeram
1162 3022 1367 3099 aliquis
1400 3021 1596 3079 tulerit
1628 3021 1791 3091 hanc,
1826 3040 1996 3098 quam

311 3119 496 3177 nuper
521 3101 822 3158 familiaris
857 3110 1051 3159 noster
1083 3102 1277 3159 effecit
1306 3102 1671 3172 PosidoniUS,
1693 3102 1854 3158 cuius
1889 3100 1997 3155 sin-

313 3181 480 3257 gulae
501 3183 899 3240 conversiones
920 3183 1071 3240 idem
1104 3182 1358 3240 efficiunt
1381 3184 1440 3239 in
1470 3182 1587 3240 sole
1616 3188 1674 3239 et
1695 3181 1754 3237 in
1778 3180 1913 3237 luna
1940 3185 1996 3234 et

475 3265 505 3309 7
