2205 3431
574 141 712 189 LIB.
728 141 824 201 ΙΙ.,
848 138 1004 189 CAP.
1025 139 1363 201 XII.—XIV.,
1388 138 1416 198 δ
1442 141 1616 188 28-33.
1841 141 1943 190 207

260 242 484 300 terent?
565 240 680 297 Sed
710 240 757 296 si
787 239 985 296 eadem
1016 239 1157 295 hora
1189 239 1330 295 aliae
1357 240 1593 316 pecudis
1626 240 1781 297 iecur
1811 241 1942 298 niti-

260 323 399 380 dum
435 328 605 397 atque
634 319 868 396 plenum
896 326 998 390 est,
1023 318 1165 375 aliae
1194 318 1487 376 horridum
1524 327 1582 376 et
1616 320 1776 390 exile,
1802 320 1943 397 quid

260 409 347 459 est
382 402 536 478 quod
570 400 838 457 declarari
872 399 1054 476 possit
1087 398 1289 456 habitu
1332 406 1592 456 extorum
1628 407 1685 456 et
1719 400 1940 457 colore?

262 488 355 538 31.
382 500 473 541 *an
515 480 626 537 hoc
668 479 921 536 eiusdem
968 479 1129 535 modi
1171 486 1273 549 est,
1306 479 1469 556 quale
1511 479 1941 555 Pherecydeum

260 560 419 631 illud,
445 559 599 637 quod
629 567 715 616 cst
743 578 776 615 a
802 566 860 616 te
888 559 1147 616 dictum?
1189 559 1288 635 qui
1315 578 1446 615 cum
1475 578 1679 635 aquam
1709 559 1944 616 vidisset

260 660 329 698 ex
358 646 533 716 puteo
561 639 842 708 haustam,
866 646 1048 695 terrae
1075 646 1301 696 motum
1331 639 1480 695 dixit
1499 639 1778 696 futurum.
1836 639 1943 696 Pa-

260 739 405 791 rum,
430 719 615 789 cred0‚
636 718 1018 795 impudenter,
1045 718 1217 794 quod,
1243 738 1374 775 cum
1402 719 1590 775 factus
1618 726 1705 775 est
1732 725 1940 790 motuS‚

261 800 447 857 dicere
475 799 688 855 audent
718 818 860 875 quae
888 798 974 854 vis
1001 797 1063 855 id
1091 799 1376 855 effecerit:
1414 799 1661 855 etiamne
1682 798 1942 855 futurum

261 899 382 936 esse
424 898 601 955 aquae
635 879 784 954 iugis
826 878 1014 935 colore
1046 879 1478 954 praesentiunt?
1560 878 1743 935 Multa
1778 878 1943 935 istius

260 959 420 1016 modi
450 959 718 1015 dicuntur
745 958 803 1014 in
839 957 1063 1027 scholiS‚
1096 958 1196 1015 sed
1225 958 1451 1015 credere
1486 958 1680 1015 omnia
1707 958 1838 1015 vide
1870 977 1943 1015 ne

260 1058 378 1095 non
408 1038 483 1094 sit
509 1056 748 1094 necesse.
836 1044 927 1094 32.
960 1037 1177 1095 Verum
1210 1038 1325 1094 sint
1354 1057 1487 1095 sane
1514 1038 1626 1094 ista
1650 1038 1945 1095 Democri-

260 1128 355 1175 tea
407 1135 572 1174 vera:
632 1117 860 1193 quando
916 1137 982 1174 ea
1037 1136 1143 1173 nos
1198 1117 1344 1174 extis
1403 1118 1790 1194 exquirimus?
1845 1125 1944 1174 aut

262 1198 492 1274 quando
526 1196 743 1273 aliquid
776 1197 897 1253 eius
929 1197 1090 1254 modi
1119 1196 1191 1253 ab
1221 1197 1519 1274 haruspice
1547 1198 1820 1273 inspectis
1853 1217 1945 1254 ex-

260 1280 336 1334 tis
378 1277 736 1334 audivimus?
818 1276 912 1333 Ab
947 1296 1095 1353 aqua
1135 1284 1235 1334 aut
1268 1277 1339 1333 ab
1374 1278 1498 1353 igni
1532 1277 1784 1353 pericula
1823 1297 1945 1333 mo-

260 1364 431 1414 nent:
474 1364 598 1414 tum
634 1356 993 1426 hereditatem,
1023 1364 1151 1413 tum
1185 1356 1395 1413 damna
1437 1357 1811 1414 denuntiant:
1855 1356 1944 1412 fis-

261 1457 387 1494 sum
431 1436 709 1493 familiare
758 1444 815 1493 et
856 1436 1026 1493 vitale
1068 1442 1352 1493 tractant:
1412 1443 1586 1512 caput
1627 1437 1828 1493 iecoris
1873 1457 1942 1493 ex

261 1517 422 1573 omni
466 1524 627 1593 parte
673 1516 1109 1593 diligentissime
1158 1516 1553 1573 considerant:
1606 1517 1653 1573 si
1699 1535 1832 1573 vero
1880 1516 1943 1573 id

259 1616 378 1653 non
413 1604 499 1654 est
527 1596 840 1666 inventum,
864 1595 1010 1652 nihil
1038 1602 1247 1673 putant
1280 1596 1533 1653 accidere
1562 1596 1817 1673 potuisse
1846 1597 1943 1653 tri-

262 1677 419 1735 stius,
503 1675 669 1734 XIV.
756 1682 847 1734 33.
895 1675 1053 1733 IIaec
1097 1674 1383 1734 observari
1425 1683 1575 1734 certe
1616 1695 1735 1733 non
1777 1682 1943 1754 potu-

260 1764 449 1828 erunt„
467 1764 534 1813 ut
561 1775 731 1832 supra
760 1757 945 1813 docui.
1011 1756 1161 1813 Sunt
1180 1757 1358 1833 igitur
1386 1757 1523 1814 artis
1551 1757 1798 1828 inventa,
1824 1776 1938 1813 non

261 1837 576 1907 vetustatiS‚
602 1838 650 1893 si
678 1844 764 1893 est
791 1856 880 1893 ars
908 1836 1023 1893 ulla
1049 1856 1237 1893 rerum
1267 1837 1706 1913 incognitarum.
1791 1837 1941 1894 Cum

260 1936 448 1974 rerum
506 1925 697 1973 autem
751 1924 955 1973 natura
1009 1936 1181 1993 quam
1237 1917 1638 1993 cognationem
1688 1916 1937 1974 habent.
1922 1919 1942 1959 ‘⁶'

262 2016 406 2073 quae
441 2003 506 2053 ut
537 2015 654 2053 uno
688 2015 964 2053 consensu
1000 1997 1196 2053 iuncta
1237 1964 1342 2054 site,
1345 2004 1402 2053 et
1436 1998 1752 2070 continenS,
1787 1999 1944 2075 quod

260 2077 430 2134 video
471 2076 748 2152 placuisse
788 2074 1044 2153 physicis
1085 2077 1267 2152 iisque
1309 2078 1573 2147 maxime,
1612 2079 1709 2154 qui
1753 2097 1940 2149 omne,

262 2156 420 2233 quod
448 2163 610 2227 esset,
633 2175 812 2213 unum
842 2175 962 2213 esse
990 2156 1272 2227 dixerunt,
1299 2157 1437 2233 quid
1459 2157 1666 2215 habere
1695 2159 1944 2215 mundus

260 2243 455 2312 potest
507 2255 637 2293 cum
693 2234 945 2293 thesauri
999 2236 1330 2293 inventione
1386 2237 1754 2294 coniunctum
1780 2240 1799 2294 2
1881 2238 1944 2294 Si

262 2318 415 2373 enim
449 2336 518 2373 ex
553 2316 698 2373 extis
731 2316 1005 2392 pecuniae
1038 2315 1183 2372 mihi
1217 2315 1587 2394 amplificatio
1623 2317 1945 2374 ostenditur

261 2397 436 2472 idque
456 2395 523 2452 fit
543 2403 761 2466 natura,
785 2396 1050 2471 primum*
1065 2402 1198 2453 exta
1219 2404 1352 2454 sunt
1374 2397 1680 2454 coniuncta
1705 2397 1941 2467 mund0‚

262 2475 469 2532 deinde
537 2494 729 2532 meum
787 2476 1006 2532 lucrum
1079 2484 1284 2533 natura
1351 2496 1538 2533 rerum
1600 2477 1940 2533 continetur.

262 2554 471 2612 Nonne
504 2555 685 2631 pudet
717 2554 986 2631 physicos
1018 2555 1159 2613 haec
1201 2556 1424 2613 dicere?
1506 2555 1593 2614 Ut
1635 2556 1787 2612 enim
1827 2557 1943 2612 iam

262 2635 339 2691 sit
365 2634 552 2712 aliqua
584 2635 644 2691 in
677 2641 880 2692 natura
911 2655 1099 2693 rerum
1136 2637 1421 2712 contagi0‚
1454 2655 1624 2712 quam
1661 2655 1780 2692 esse
1814 2654 1945 2692 con-

262 2714 433 2772 cedo:
477 2714 659 2771 multa
692 2715 844 2772 enim
881 2714 1059 2772 Stoici
1096 2716 1407 2792 colligunt:
1455 2735 1588 2771 nam
1632 2723 1691 2772 et
1723 2734 1945 2772 muscu-

261 2794 447 2851 lorum
483 2794 767 2851 iecuscula
807 2794 1011 2851 bruma
1051 2796 1320 2852 dicuntur
1361 2796 1554 2872 augeri
1597 2802 1656 2852 et
1688 2796 1942 2887 puleium

261 2874 485 2931 aridum
520 2873 813 2931 florescere
846 2874 1136 2931 brumali
1122 2894 1247 2951 ipso
1283 2875 1375 2931 die
1410 2883 1468 2932 ct
1494 2874 1721 2932 inflatas
1753 2876 1944 2952 rumpi

261 2953 535 3011 vesiculas
569 2961 628 3011 et
660 2955 878 3011 semina
909 2954 1208 3024 malorum,
1241 2974 1384 3031 quac
1417 2956 1477 3011 in
1512 2956 1581 3012 iis
1623 2956 1876 3012 mediis
1861 2975 1945 3012 m-

262 3033 418 3091 clusa
446 3035 577 3103 sint,
604 3035 662 3090 in
693 3034 1002 3091 contrarias
1029 3041 1219 3109 partes
1253 3052 1311 3090 se
1341 3041 1570 3103 vertere,
1595 3035 1710 3091 iam
1739 3055 1943 3092 nervos

261 3114 323 3170 in
345 3113 555 3171 fidibus
584 3113 709 3170 aliis
731 3113 907 3190 pulsis
934 3133 1195 3170 resonare
1218 3114 1374 3183 aliosi,
1401 3115 1711 3190 ostreisque
1734 3122 1792 3171 et
1813 3134 1943 3171 con-

263 3193 470 3270 chyliis
504 3192 770 3250 omnibus
804 3193 1135 3268 contingere
1169 3200 1234 3249 ut
1267 3212 1394 3249 cum
1426 3192 1562 3249 luna
1587 3194 1799 3264 pariter
1829 3213 1940 3249 cre-

1991 3263 2092 3326 t
