2205 3431
222 101 316 150 188
737 99 836 145 DE
870 97 1373 148 DIVINATIONE.
1405 143 1408 146 Α

304 200 436 258 117.
469 196 598 268 Quo
637 199 813 256 modo
858 207 1050 257 autem
1093 206 1193 256 aut
1224 206 1382 256 vates
1415 206 1515 257 aut
1549 202 1902 262 somniantes

211 302 279 341 ea
320 280 569 349 videant,
608 298 750 356 quae
800 298 1079 356 nusquam
1125 280 1298 336 etiam
1340 288 1479 337 tunc
1521 280 1652 352 sint,
1688 301 1902 360 magna

212 359 473 438 quaestio
522 366 623 417 est.
709 358 824 416 Sed
865 359 1158 435 explorata
1207 359 1256 415 si
1298 358 1414 416 sint
1456 379 1537 430 ea,
1571 380 1715 436 quae
1764 371 1901 421 ante

213 439 410 517 quaeri
451 438 714 509 debeant,
739 439 854 495 sint
887 438 1042 509 haec,
1064 458 1210 515 quae
1252 439 1593 515 quaerimus,
1619 440 1896 501 faciliora.

211 520 487 577 Continet
508 519 660 576 enim
683 525 867 575 totam
889 518 1036 575 hanc
1063 519 1455 594 quaestionem
1480 539 1545 576 ea
1565 521 1729 592 ratiO,
1753 542 1899 598 quae

211 607 298 657 est
326 600 397 656 (16
427 605 630 655 natura
657 599 912 668 deorum,
935 618 1079 674 quae
1101 618 1135 655 a
1162 605 1220 656 te
1250 599 1499 656 secundo
1521 600 1668 657 libro
1699 610 1784 658 est
1806 622 1899 659 ex-

210 678 421 755 plicata
462 677 727 734 dilucide.
812 677 999 745 Quam
1042 678 1092 734 si
1135 677 1478 749 obtinemus,
1511 680 1692 737 stabit
1732 681 1894 752 illud,

212 758 369 834 quod
409 757 562 814 hunc
603 757 793 814 locum
837 757 1111 828 continet,
1143 757 1214 814 de
1259 777 1373 833 quo
1416 759 1672 835 agimus:
1720 761 1896 819 “esse

209 838 349 894 deos
371 844 646 894 eteorum
669 837 1032 913 providentia
1051 836 1333 894 mundum
1363 838 1748 897 administrari
1775 860 1897 898 eos-

210 917 456 994 demque
490 917 782 974 consulere
816 917 983 974 rebus
1010 917 1278 974 humanis
1311 936 1415 975 nec
1449 919 1636 976 solum
1669 921 1895 978 univer·

210 998 303 1063 515,
328 1015 524 1053 verum
567 997 741 1053 etiam
784 996 1077 1072 singuliS.''
1162 997 1324 1054 Haec
1363 998 1411 1054 si
1444 1004 1723 1070 tenemuS,
1749 1020 1895 1077 quae

208 1077 354 1134 mihi
396 1076 629 1153 quidem
671 1095 789 1133 non
822 1076 1091 1134 videntur
1130 1096 1299 1153 posse
1341 1079 1599 1149 convelli,
1624 1080 1892 1155 profecto

208 1156 541 1214 hominibus
574 1176 608 1213 a
635 1155 724 1212 dis
751 1157 948 1213 futura
981 1156 1289 1233 significari
1316 1176 1544 1215 necesse
1578 1167 1678 1216 est.
1764 1159 1890 1218 LII.

213 1243 239 1293 1
254 1243 343 1294 18.
366 1236 481 1294 Sed
499 1235 972 1312 distinguendum
985 1236 1212 1294 videtur
1230 1256 1479 1313 quonam
1502 1238 1694 1296 modo.
1741 1238 1894 1296 Nam

209 1337 326 1373 non
360 1317 548 1393 placet
582 1316 791 1373 Stoicis
825 1317 1064 1392 singulis
1098 1317 1351 1374 iecorum
1386 1317 1532 1375 fissis
1566 1325 1665 1375 aut
1700 1319 1891 1376 avium

209 1397 470 1454 ca'ntibus
503 1397 773 1454 interesse
816 1395 1021 1454 deum:
1066 1416 1251 1474 neque
1294 1397 1447 1453 enim
1492 1398 1761 1455 decorum
1804 1407 1894 1456 est

207 1497 311 1534 nec
347 1478 435 1533 dis
468 1476 711 1553 dignum
744 1495 849 1533 nec
877 1476 1000 1534 fieri
1032 1477 1151 1533 ullo
1181 1484 1351 1554 pacto
1380 1484 1589 1554 potest,
1614 1479 1713 1535 sed
1743 1479 1827 1536 ita
1860 1499 1895 1536 6

206 1557 493 1633 principio
535 1557 869 1614 incohatum
912 1576 1031 1614 esse
1073 1557 1374 1627 mundum,
1405 1564 1471 1614 ut
1512 1559 1681 1615 certis
1721 1558 1893 1616 rebus

207 1644 362 1694 certa
389 1637 552 1714 signa
579 1643 1018 1713 praecurrerent,
1039 1636 1150 1693 alia
1177 1636 1236 1692 in
1266 1637 1426 1707 extis,
1448 1637 1557 1694 alia
1583 1638 1642 1694 in
1674 1638 1889 1710 avibuS,

207 1718 318 1775 alia
349 1718 410 1775 in
439 1718 784 1793 fulguribuS,
809 1718 919 1774 alia
949 1718 1006 1774 in
1045 1718 1304 1788 ostentiS,
1329 1718 1439 1774 alia
1470 1718 1531 1775 in
1567 1719 1759 1791 stellis,
1782 1720 1893 1776 alia

208 1799 267 1855 in
298 1798 708 1855 somniantium
738 1798 890 1868 visis,
911 1798 1020 1854 alia
1047 1798 1109 1854 in
1138 1798 1454 1855 furentium
1482 1798 1733 1856 vocibuS.
1805 1799 1893 1856 Ea

209 1877 416 1954 quibus
456 1877 601 1934 bene
642 1884 912 1953 percepta
953 1884 1102 1947 sunt,
1141 1878 1182 1933 ii
1224 1897 1340 1934 non
1385 1897 1552 1954 saepe
1593 1879 1886 1937 falluntur.

209 1957 357 2014 Male
399 1957 658 2014 coniecta
698 1958 958 2034 maleque
998 1958 1373 2034 interpretata
1412 1958 1556 2014 falsa
1597 1966 1747 2029 sunt,
1771 1979 1886 2015 non

207 2057 396 2095 rerum
421 2037 579 2108 vitio,
601 2037 701 2094 sed
728 2037 1106 2114 interpretum
1135 2038 1449 2095 inscientia.
1534 2038 1667 2095 Hoc
1696 2046 1888 2096 autem

208 2118 401 2194 posito
444 2124 616 2194 atque
657 2136 943 2187 concesso,
969 2136 1089 2174 6556
1147 2117 1430 2194 quandam
1476 2119 1593 2173 vim
1638 2119 1892 2178 divinam

207 2198 510 2255 hominum
544 2197 723 2254 vitam
766 2198 1175 2267 continentem,
1200 2215 1317 2253 non
1352 2195 1581 2253 difficile
1616 2203 1718 2266 est,
1745 2216 1890 2273 quae

207 2278 330 2335 fieri
371 2285 522 2335 certe
564 2278 841 2348 videmuS,
879 2296 945 2333 66
994 2296 1108 2354 qua
1152 2276 1372 2333 ratione
1413 2275 1555 2332 fiant
1598 2277 1887 2354 suspicari.

208 2358 360 2414 Nam
394 2365 452 2415 et
485 2357 559 2414 ad
591 2357 839 2413 hostiam
874 2356 1238 2433 deligendam
1271 2362 1464 2433 potest
1498 2355 1614 2412 dux
1650 2375 1770 2413 esse
1803 2357 1891 2413 vis

209 2438 489 2514 quaedam
533 2437 798 2506 sentienS,
824 2456 967 2513 quae
1001 2443 1088 2493 est
1121 2443 1248 2493 toto
1291 2436 1532 2492 confusa
1570 2436 1807 2506 mundO,
1831 2442 1892 2493 et

207 2526 333 2575 tum
368 2518 574 2595 ipsum,
600 2536 730 2574 cum
764 2516 1060 2573 immolare
1088 2514 1244 2587 veliS,
1270 2523 1530 2573 extorum
1559 2515 1681 2573 fieri
1709 2522 1893 2572 muta-

207 2599 291 2655 tio
326 2605 535 2675 potest,
561 2603 624 2654 ut
658 2603 758 2653 aut
798 2596 948 2653 absit
988 2596 1207 2673 aliquid
1248 2602 1348 2652 aut
1381 2596 1658 2672 supersit:
1701 2596 1892 2672 parvis

208 2678 362 2735 enim
396 2677 706 2735 momentis
733 2676 916 2733 multa
941 2682 1147 2733 natura
1178 2681 1278 2732 aut
1306 2675 1548 2752 adfingit
1577 2683 1675 2732 aut
1702 2681 1893 2733 mutat

208 2764 308 2815 aut
330 2757 593 2815 detrahit.
669 2762 694 2812 1
709 2762 797 2813 19.
823 2755 995 2824 Quod
1018 2775 1088 2813 ne
1112 2755 1372 2812 dubitare
1392 2756 1695 2832 possimuS,
1716 2754 1893 2811 maxi-

206 2857 304 2895 mo
327 2844 415 2894 est
436 2844 773 2912 argumento
798 2836 954 2912 quod
971 2835 1144 2912 paulo
1167 2843 1297 2893 ante
1315 2835 1612 2892 interitum
1634 2835 1893 2891 Caesaris

208 2916 488 2992 contigit:
533 2916 631 2990 qui
653 2935 784 2971 cum
806 2915 1129 2972 immolaret
1151 2915 1251 2971 illo
1286 2915 1397 2985 die,
1419 2934 1532 2991 quo
1555 2914 1807 2991 primum
1829 2915 1890 2971 in

209 2994 345 3052 sella
376 3012 544 3050 aurea
578 2994 727 3049 sedit
758 3001 818 3050 ct
851 3013 981 3050 cum
1015 3013 1302 3070 purpurea
1329 3002 1484 3051 veste
1512 2995 1805 3071 processit,
1831 2994 1891 3050 in

209 3074 355 3130 extis
387 3072 552 3128 bovis
588 3072 769 3147 opimi
803 3092 901 3128 cor
932 3092 1049 3128 non
1084 3073 1215 3129 fuit.
1301 3073 1455 3129 Num
1487 3075 1666 3149 igitur
1698 3093 1892 3131 censes

209 3151 389 3208 ullum
418 3149 624 3207 animal
651 3149 806 3225 quod
829 3152 1164 3223 sanguinem
1187 3152 1394 3209 habeat
1422 3154 1542 3209 sine
1572 3154 1740 3211 corde
1771 3174 1891 3211 esse
