2205 3431
101 3307 141 3345 h

185 117 251 163 30
637 117 736 165 DE
770 117 1069 166 NATURA
1101 116 1421 166 DEORUM.

383 215 717 264 Constiteram
741 216 1048 264 exorientem
1071 216 1320 263 Auroram
1349 216 1474 263 forte
1498 215 1737 278 salutans,

448 281 576 328 Cum
605 282 764 328 subito
787 297 818 328 a
840 282 978 328 laeva
1001 281 1210 328 Roscius
1234 282 1475 340 exoritur,

382 345 516 393 Pace
544 346 666 393 mihi
689 346 850 407 liceat,
871 346 1120 406 caelestes,
1143 346 1307 394 dicere
1327 356 1505 406 vestra,

448 412 677 460 Mortalis
700 412 830 459 visus
855 411 1102 474 pulchrior
1125 426 1231 460 esse
1255 412 1363 460 deo.

187 532 342 589 Huic
361 533 468 589 deo
488 531 806 609 pulchrior:
843 539 904 589 at
926 540 1061 604 erat,
1080 533 1229 590 sicut
1249 532 1424 590 hodie
1447 540 1548 605 est,
1574 535 1874 610 perversis-

187 612 346 669 simis
381 613 575 670 oculis,
662 612 817 680 Quid
858 613 1049 681 refert,
1082 613 1131 669 si
1159 612 1269 670 hoc
1303 613 1493 690 ipsum
1538 613 1749 671 salsum
1785 615 1872 672 illi

187 701 246 749 et
274 700 577 749 venustum
607 692 941 750 videbatur?
1025 693 1221 750 Redeo
1251 693 1322 750 ad
1353 693 1506 750 deos,
1697 731 1770 775 V

267 772 496 829 XXIX.
601 779 693 830 80.
739 773 984 849 EcquOS,
1023 774 1070 830 si
1121 792 1238 829 non
1289 780 1408 830 tam
1460 772 1773 843 straboneS‚
1812 782 1873 831 at

187 853 446 929 paetulos
493 873 612 910 esse
657 852 1035 911 arbitramur?
1094 872 1304 930 ecquos
1348 872 1590 910 naevum
1631 853 1874 911 habere?

187 952 398 1011 ecquos
440 933 591 1003 silos,
616 932 839 1003 fiaccOS,
864 933 1181 1003 frontoneS,
1214 933 1524 1010 capitoneS‚
1551 930 1696 1010 quae
1738 942 1874 991 sunt

186 1012 248 1069 in
278 1012 480 1070 nobis?
562 1013 657 1069 An
695 1014 890 1069 omnia
927 1013 1231 1070 emendata
1262 1014 1324 1069 in
1359 1013 1507 1070 illis?
1590 1014 1778 1070 Detur
1811 1014 1873 1071 id

188 1092 366 1150 vobis,
452 1092 607 1149 Num
652 1094 825 1149 etiam
860 1101 947 1150 est
979 1113 1092 1149 una
1127 1093 1386 1150 omnium
1420 1093 1638 1150 facies?
1721 1093 1872 1150 Nam

188 1173 235 1228 si
257 1172 462 1249 plurcS,
485 1173 651 1230 aliam
677 1193 796 1230 essc
820 1173 930 1229 alia
946 1172 1330 1250 pulchriorem
1352 1192 1578 1230 necesse
1601 1180 1701 1231 est.
1762 1173 1875 1250 Igi-

186 1260 282 1310 tur
309 1253 515 1329 aliquis
544 1273 660 1311 non
689 1252 1106 1330 pulcherrimus
1134 1253 1289 1310 deus,
1377 1252 1439 1309 Si
1468 1273 1582 1310 una
1610 1254 1871 1310 omnium

187 1333 362 1390 facies
405 1342 506 1403 est,
532 1333 731 1390 florere
775 1332 833 1389 in
879 1333 1034 1390 caelo
1077 1332 1452 1390 Academiam
1496 1353 1722 1390 necesse
1765 1342 1869 1391 est.

187 1410 251 1469 Si
285 1415 439 1470 enim
473 1413 617 1470 nihil
653 1414 802 1470 inter
836 1414 1008 1470 deum
1043 1421 1101 1470 et
1145 1413 1315 1469 deum
1353 1413 1565 1483 differt,
1588 1412 1745 1470 nulla
1786 1421 1874 1470 est

187 1494 341 1569 apud
376 1493 513 1550 deos
548 1494 821 1569 cognitiO,
847 1493 1002 1550 nulla
1042 1493 1353 1570 perceptio,
1452 1499 1543 1550 81.
1590 1492 1783 1560 Quid?
1825 1494 1872 1550 si

159 1574 378 1644 ctiam,
401 1573 603 1644 Vellei,
628 1574 835 1630 falsum
872 1573 1014 1630 illud
1049 1574 1287 1630 omnino
1324 1580 1425 1642 est,
1450 1573 1665 1629 nullam
1700 1573 1870 1630 aliam

187 1653 354 1710 nobis
388 1655 460 1711 de
495 1655 603 1711 deo
647 1653 1035 1732 cogitantibus
1069 1653 1316 1731 speciem
1353 1653 1465 1709 nisi
1498 1653 1753 1709 hominis
1782 1673 1873 1709 oc-

187 1755 424 1804 currere,
446 1743 713 1792 tamenne
743 1736 852 1791 ista
879 1742 997 1791 tarn
1028 1734 1274 1791 absurda
1302 1734 1577 1790 defendes
1600 1736 1618 1791 Ζ
1685 1733 1871 1790 Nobis

189 1815 428 1872 fortasse
463 1816 542 1871 sic
578 1816 839 1885 occurrit,
860 1823 925 1871 ut
960 1815 1135 1872 dicis:
1180 1834 1214 1870 a
1247 1814 1436 1891 parvis
1471 1814 1621 1870 enim
1654 1814 1870 1884 Iovem,

189 1894 486 1961 Iunonem,
520 1894 852 1965 Minervam,
885 1895 1242 1971 Neptunum,
1275 1894 1617 1964 Volcanum,
1649 1894 1872 1970 Apolli-

188 1994 336 2045 nem,
363 1975 612 2051 reliquos
658 1975 796 2031 deos
845 1994 911 2032 ea
954 1976 1102 2032 facie
1154 1975 1437 2044 118νί111115,
1471 1994 1583 2051 qua
1623 1975 1873 2050 pictores

186 2056 524 2131 fictoresque
554 2055 871 2125 voluerunt,
901 2075 1087 2132 neque
1130 2054 1315 2111 solum
1359 2054 1524 2124 facie,
1558 2054 1656 2111 sed
1698 2055 1872 2111 etiam

188 2144 408 2206 ornata,
434 2142 636 2204 aetate,
657 2136 897 2192 vestitu:
934 2143 994 2192 at
1022 2155 1140 2192 non
1162 2134 1442 2211 Aegyptii
1473 2154 1576 2191 nec
1607 2134 1736 2210 Syri
1766 2154 1872 2192 nec

185 2217 306 2273 fere
329 2222 535 2273 cuncta
555 2215 847 2272 barbaria:
883 2215 1162 2272 firmiores
1191 2216 1346 2271 enim
1372 2215 1562 2271 videas
1591 2215 1745 2291 apud
1774 2234 1873 2271 eos

188 2296 489 2372 opiniones
518 2316 637 2353 esse
667 2296 738 2352 dc
766 2294 966 2352 bestiis
996 2295 1337 2372 quibusdam
1371 2314 1543 2371 quam
1579 2295 1732 2371 apud
1766 2314 1873 2351 nos

187 2377 258 2433 de
300 2376 671 2433 sanctissimis
705 2375 936 2452 templis
978 2384 1036 2432 et
1078 2375 1393 2432 simulacris
1432 2375 1687 2432 deorum.
1775 2381 1867 2432 82.

186 2456 417 2513 Etenim
453 2457 590 2512 fana
618 2455 800 2512 multa
833 2456 1076 2532 spoliata
1106 2463 1164 2512 ct
1198 2455 1497 2512 simulacra
1530 2455 1764 2512 deorum
1798 2455 1870 2512 de

185 2537 326 2593 locis
361 2536 733 2593 sanctissimis
774 2535 963 2592 ablata
996 2536 1257 2592 videmus
1290 2555 1325 2592 a
1357 2536 1599 2592 nostris:
1645 2543 1703 2592 at
1737 2555 1871 2592 vcro

186 2637 258 2673 ne
299 2617 479 2674 fando
516 2617 749 2694 quidem
793 2617 1053 2673 auditum
1090 2622 1177 2672 cst
1211 2615 1562 2672 crocodilum
1596 2623 1695 2672 aut
1730 2615 1871 2671 ibim

186 2705 285 2754 aut
305 2698 478 2754 felem
502 2697 778 2754 violatum
801 2697 872 2753 ab
892 2696 1204 2773 Aegyptio.
1265 2695 1418 2763 Quid
1441 2695 1619 2772 igitur
1640 2715 1834 2752 censes
1852 2698 1872 2753 ἓ

187 2778 366 2853 Apim
416 2776 594 2847 illum,
640 2785 898 2834 sanctum
941 2776 1368 2852 Aegyptiorum
1414 2774 1635 2845 bovem,
1681 2793 1872 2832 nonne

188 2858 358 2914 deum
384 2856 561 2913 videri
583 2856 927 2933 Aegyptiis?
996 2857 1139 2913 Tam
1164 2855 1348 2912 hercle
1379 2874 1548 2932 quam
1578 2855 1685 2912 tibi
1714 2855 1869 2912 illam

187 2945 431 2994 vestram
467 2936 773 3012 Sospitam,
797 2957 966 3014 quam
1001 2944 1065 2993 tu
1100 2956 1414 3012 numquam
1448 2955 1519 2992 nc
1553 2935 1613 2990 in
1655 2936 1873 2991 somnis

190 3017 420 3094 quiden]
448 3017 606 3073 vides
635 3017 743 3073 nisi
774 3037 903 3074 cum
933 3016 1079 3092 pelle
1110 3017 1355 3092 caprina,
1381 3035 1510 3072 cum
1535 3016 1712 3084 hasta,
1738 3035 1870 3071 cum

190 3096 430 3165 scutuIO,
463 3116 593 3152 cum
640 3097 899 3153 calceolis
943 3097 1225 3173 repandis.
1321 3095 1405 3152 At
1450 3115 1564 3152 non
1611 3104 1697 3152 cst
1741 3095 1872 3151 talis

193 3177 372 3253 Argia
401 3195 503 3233 nec
533 3176 793 3233 Romana
827 3177 989 3234 Iuno,
1066 3177 1222 3252 Ergo
1252 3175 1361 3233 alia
1389 3176 1604 3252 species
1633 3175 1870 3233 Iunonis
