2205 3431
73 3302 179 3358 —r

270 149 363 195 126
703 146 802 195 DE
841 146 1144 197 NATURA
1182 146 1504 198 DEORUM.

267 248 444 317 rione,
469 247 672 304 tertius
699 248 979 317 VolcanO,
1006 248 1128 304 Nili
1150 247 1287 319 filio,
1307 249 1468 305 cuius
1496 248 1697 305 urbem
1719 249 1960 327 Aegyp-

266 327 336 384 tii
365 326 566 384 volunt
595 346 714 385 esse
743 346 885 398 eam,
912 347 1055 403 quae
1083 328 1409 404 Heliopolis
1436 328 1769 406 appellatur,
1793 349 1960 407 quar-

265 414 361 464 tus
409 407 474 478 is,
521 413 687 483 quem
740 407 983 464 heroicis
1031 408 1390 484 temporibus
1439 408 1707 465 Acantho
1757 410 1957 467 Rhodi

266 488 553 564 peperisse
610 488 820 544 dicitur
849 532 860 544 .
888 532 900 543 .
928 532 940 544 .
969 487 1159 563 Ialysi,
1201 488 1433 558 Camiri,
1468 488 1657 559 Lindi,
1695 490 1952 566 quintuS,

268 569 365 644 qui
413 567 645 624 Colchis
688 568 873 624 fertur
912 568 1156 624 Aeetam
1197 575 1256 624 et
1290 569 1512 624 Circam
1549 569 1951 644 procreavisse.

266 646 465 704 XXII.
554 654 645 704 55.
691 647 940 705 Volcani
972 648 1113 704 item
1148 647 1486 723 complures,
1517 648 1738 724 primus
1776 648 1954 706 Caelo

266 734 451 797 natus,
483 745 551 804 ex
591 746 706 804 quo
749 735 807 784 et
841 727 1098 784 Minerva
1135 726 1470 804 Apollinem
1512 747 1661 797 eum,
1693 728 1856 785 cuius
1890 730 1953 786 in

265 807 447 864 tutela
475 804 735 864 Athenas
753 807 972 883 antiqui
996 807 1254 863 historici
1276 826 1397 863 esse
1419 807 1736 877 voluerunt,
1758 827 1956 865 secun-

266 887 376 943 dus
405 886 540 943 Nilo
570 894 754 958 natuS,
775 886 1013 955 Phthas,
1034 894 1101 943 ut
1131 886 1412 964 Aegyptii
1446 886 1752 964 appellant,
1778 906 1954 964 quem

267 966 564 1023 custodem
600 986 720 1024 esse
753 967 1010 1043 Aegypti
1045 965 1263 1037 volunt,
1288 966 1491 1023 tertius
1514 986 1583 1023 ex
1611 968 1782 1024 tertio
1814 967 1955 1025 Iove

267 1056 326 1104 et
369 1045 607 1115 Iunone,
646 1046 744 1123 qui
782 1046 985 1103 Lemni
1028 1046 1280 1103 fabricae
1328 1045 1573 1103 traditur
1614 1046 1952 1122 praefuisse,

268 1133 503 1203 quartus
532 1126 781 1183 Menalio
810 1133 994 1196 natuS,
1020 1126 1119 1201 qui
1148 1126 1336 1182 tenuit
1364 1126 1576 1183 insulas
1602 1134 1838 1202 propter
1866 1127 1955 1184 Si-

269 1206 474 1276 ciliam,
501 1224 641 1283 quae
664 1205 975 1263 Volcaniae
1003 1205 1463 1263 nominabantur.
1544 1211 1634 1262 56.
1681 1205 1954 1264 Mercuri-

267 1306 335 1343 us
372 1306 521 1343 unus
563 1285 735 1342 Caelo
770 1293 947 1362 patre,
979 1285 1092 1342 Die
1125 1292 1308 1342 matre
1340 1292 1524 1356 natUS,
1556 1285 1717 1342 cuius
1759 1285 1957 1344 obsce-

266 1367 398 1422 nius
426 1366 671 1423 excitata
696 1375 901 1422 natura
926 1364 1188 1435 traditur,
1215 1364 1369 1441 quod
1398 1372 1631 1441 aspectu
1660 1364 1956 1443 Proserpi-

265 1465 373 1502 nae
407 1453 732 1503 commotus
766 1446 856 1515 sit,
888 1445 1029 1502 alter
1056 1444 1322 1502 Valentis
1356 1451 1413 1501 et
1447 1444 1753 1501 Coronidis
1779 1445 1951 1518 filius,

266 1526 317 1582 is
362 1527 457 1602 qui
506 1525 611 1582 sub
655 1525 820 1582 terris
863 1524 1105 1582 habetur
1145 1524 1298 1581 idem
1333 1523 1715 1600 TrophoniuS,
1748 1527 1956 1583 tertius

267 1605 404 1662 Iove
437 1606 609 1663 tertio
643 1613 810 1662 natus
844 1612 902 1662 et
936 1604 1102 1674 Maia,
1137 1623 1205 1661 ex
1237 1622 1350 1681 quo
1383 1611 1440 1660 et
1467 1604 1758 1681 Penelopa
1790 1605 1956 1664 Pana

266 1694 468 1744 natum
497 1687 708 1756 ferunt,
734 1692 967 1763 quartus
996 1684 1132 1742 Nilo
1161 1692 1338 1761 patre,
1361 1703 1531 1762 quem
1555 1684 1835 1762 Aegyptii
1857 1705 1957 1744 ne-

266 1768 356 1824 fas
391 1766 605 1824 habent
638 1766 951 1835 nominare,
984 1765 1235 1841 quintuS,
1262 1783 1431 1841 quem
1466 1765 1664 1822 colunt
1696 1765 1956 1824 Phenea-

266 1854 375 1917 tae,
408 1847 507 1923 qui
541 1845 766 1921 Argum
802 1845 1013 1902 dicitur
1046 1845 1400 1902 interemisse
1442 1844 1517 1901 ob
1552 1863 1790 1921 eamque
1824 1865 1955 1904 cau-

267 1946 388 1982 sam
422 1927 758 2002 Aegyptum
795 1924 1120 2001 profugisse
1154 1931 1324 2001 atque
1358 1923 1667 2000 Aegyptiis
1700 1925 1854 2001 leges
1892 1935 1954 1984 et

266 2006 483 2063 litteras
511 2004 827 2063 tradidisse.
913 2004 1088 2060 Hunc
1118 2004 1399 2079 Aegyptii
1420 2003 1616 2061 Thoth
1639 2004 1950 2081 appellant,

267 2086 584 2162 eodemque
616 2084 851 2141 nomine
884 2084 1019 2140 anni
1049 2083 1269 2160 primus
1295 2083 1508 2140 mensis
1541 2084 1695 2159 apud
1724 2103 1821 2140 eos
1855 2105 1954 2142 vo-

267 2174 441 2223 catur.
529 2165 620 2222 57.
666 2163 1141 2240 Aesculapiorum
1176 2163 1394 2240 primus
1432 2162 1737 2239 Apollinis,
1776 2183 1951 2240 quem

266 2245 520 2302 Arcades
561 2244 774 2313 colunt,
807 2243 906 2320 qui
952 2243 1247 2319 specillum
1293 2243 1576 2299 invenisse
1617 2243 1952 2321 primusque

266 2325 472 2382 vulnus
493 2325 703 2382 dicitur
731 2324 1088 2401 obligavisse,
1115 2322 1396 2379 secundus
1425 2323 1659 2379 secundi
1681 2322 1952 2382 Mercurii

266 2407 476 2462 frater:
531 2404 579 2461 is
627 2403 871 2462 fulmine
913 2422 1214 2480 percussus
1257 2402 1468 2459 dicitur
1512 2401 1782 2459 humatus
1826 2422 1952 2461 esse

266 2485 597 2562 CynosuriS,
633 2485 836 2541 tertius
879 2483 1120 2559 Arsippi
1164 2490 1222 2539 et
1259 2482 1554 2551 Arsinoae,
1587 2482 1685 2558 qui
1727 2482 1952 2558 primus

266 2565 667 2642 purgationem
696 2563 806 2621 alvi
829 2563 1130 2640 dentisque
1160 2562 1525 2630 evulsionem,
1547 2569 1613 2618 ut
1634 2562 1843 2629 ferunt,
1867 2563 1953 2619 in·

268 2636 440 2716 venit,
477 2645 638 2701 cuius
672 2644 732 2700 in
774 2643 1023 2701 Arcadia
1058 2661 1177 2699 non
1215 2642 1386 2718 longe
1427 2660 1462 2697 a
1501 2640 1675 2697 Lusio
1709 2640 1950 2699 flumine

267 2725 589 2801 sepulcrum
628 2732 686 2781 et
722 2723 883 2780 lucus
917 2722 1253 2779 ostenditur.
1331 2720 1559 2777 XXIII.
1607 2719 1949 2796 Apollinum

268 2804 698 2881 antiquissimus
734 2805 800 2874 is,
833 2822 1001 2879 quem
1047 2801 1221 2877 paulo
1264 2808 1396 2858 ante
1438 2799 1700 2857 Volcano
1743 2807 1947 2858 natum

269 2902 389 2940 esse
423 2883 543 2939 dixi
572 2883 870 2940 custodem
897 2882 1274 2951 Athenarum,
1300 2881 1443 2937 alter
1470 2879 1816 2956 Corybantis
1844 2880 1953 2937 fili-

268 2982 352 3030 ι18,
377 2975 545 3017 natus
573 2964 632 3017 in
661 2963 846 3031 Creta,
871 2962 1031 3018 cuius
1060 2961 1132 3016 de
1161 2960 1256 3016 illa
1284 2959 1468 3016 insula
1496 2979 1626 3016 cum
1656 2959 1792 3016 Iove
1819 2959 1952 3036 ipso

271 3047 556 3097 certamen
590 3041 767 3096 fuisse
802 3040 1062 3109 traditur,
1085 3040 1288 3095 tertius
1318 3039 1453 3095 Iove
1481 3039 1654 3095 tertio
1688 3046 1857 3096 natus
1891 3048 1953 3098 et

272 3119 507 3185 Latona,
531 3137 700 3193 quem
734 3138 803 3174 ex
838 3118 1229 3192 Hyperboreis
1262 3117 1523 3193 Delphos
1555 3118 1753 3174 ferunt
1777 3118 1953 3176 adve-

273 3196 439 3264 nisse,
473 3203 706 3269 quartus
734 3196 792 3251 in
826 3196 1086 3264 Arcadia,
1119 3215 1287 3270 quem
1321 3197 1570 3252 Arcades
1601 3197 1950 3255 Nomionem
