2205 3431
205 124 211 132 ·
242 107 338 152 266
915 104 1013 152 DE
1047 104 1249 154 FATO.

109 3291 191 3349 k

240 205 430 262 retur?
510 204 653 261 Post
685 210 875 260 autem
911 223 1080 262 causa
1107 204 1222 261 fuit
1249 204 1486 281 propior
1519 210 1578 261 et
1606 224 1734 261 cum
1766 206 1924 264 exitu

240 284 501 341 iunctior.
589 284 680 341 37.
733 284 905 341 Ratio
947 285 1126 360 igitur
1166 291 1403 341 eventus
1451 285 1634 360 aperit
1676 304 1920 344 causam.

241 365 354 421 Sed
388 384 456 420 ex
490 365 823 421 aeternitate
854 383 983 421 vera
1010 364 1127 420 fuit
1153 363 1293 420 haec
1327 364 1648 420 enuntiatio
1680 365 1713 391 ‘⁴
1733 364 1925 421 Relin-

240 450 443 520 quetur
470 444 531 499 in
559 444 747 500 insula
778 442 1157 513 Philocteta,'’
1182 462 1286 500 nec
1314 442 1425 500 hoc
1460 463 1529 500 ex
1564 462 1696 500 vero
1730 444 1791 501 in
1819 445 1925 501 fal-

238 543 364 580 sum
398 530 624 599 poterat
657 530 999 580 convertere.
1085 522 1331 579 Necesse
1367 530 1452 580 est
1481 523 1633 579 enim
1664 523 1724 579 in
1752 523 1922 581 rebus

238 604 536 660 contrariis
565 603 1148 660 duabus—contraria
1176 610 1367 660 autem
1392 602 1501 659 hoc
1524 603 1651 660 loco
1681 622 1748 660 ea
1769 603 1918 675 dioc,

238 702 480 759 quorum
515 683 754 740 alterum
784 683 866 739 ait
895 683 1051 759 quid,
1076 682 1317 739 alterum
1346 682 1789 758 negat—erbis
1816 683 1923 759 igi-

236 771 331 819 tur
373 782 599 820 necesse
645 769 731 819 est
762 763 945 819 invito
980 762 1232 838 Epicuro
1272 761 1513 818 alterum
1548 781 1743 819 verum
1779 781 1917 834 esse,

236 842 475 899 alterum
509 842 736 912 falsum,
768 848 834 898 ut
868 842 903 869 “
923 841 1286 899 Sauciabitur
1326 840 1705 913 Philocteta‚’'
1738 843 1922 898 omni-

235 923 342 979 bus
370 928 501 978 ante
531 922 767 978 saeculis
796 940 992 978 verum
1014 921 1146 992 fuit,
1174 921 1208 948 “
1229 921 1363 978 Non
1387 921 1733 978 sauciabitur
1752 921 1784 949 ''
1814 921 1921 978 fal-

236 1022 378 1059 sum.
463 1002 591 1058 Nisi
632 1003 784 1059 forte
826 1001 1090 1058 volumus
1125 1001 1539 1077 Epicureorum
1582 1001 1918 1077 opinionem

235 1082 412 1158 sequi,
445 1082 542 1159 qui
589 1082 728 1138 tales
774 1081 1199 1138 enuntiationes
1243 1100 1347 1138 nec
1392 1100 1551 1137 veras
1594 1100 1698 1138 nec
1742 1081 1918 1138 falsas

234 1181 353 1219 esse
396 1162 610 1232 dicunt,
643 1167 758 1232 aut,
791 1180 924 1217 cum
958 1161 1020 1217 id
1052 1160 1250 1237 pudet,
1283 1160 1426 1217 illud
1459 1167 1652 1217 tamen
1695 1160 1914 1232 dicunt,

235 1242 391 1318 quod
433 1248 518 1299 est
562 1241 971 1317 impudentius,
1005 1259 1164 1297 veras
1206 1260 1326 1297 esse
1368 1260 1437 1297 ex
1471 1241 1770 1297 contrariis
1805 1241 1918 1297 dis-

232 1322 568 1393 iunctioneS‚
602 1321 700 1378 sed
736 1340 879 1397 quae
912 1321 974 1377 in
1006 1319 1098 1377 his
1140 1321 1437 1378 enuntiata
1478 1327 1682 1389 essent,
1714 1339 1911 1378 eorum

231 1408 497 1458 neutrum
529 1420 649 1458 esse
683 1420 894 1458 verum.
982 1407 1073 1458 38.
1119 1400 1173 1458 Ο
1201 1399 1595 1457 admirabilem
1622 1399 1916 1458 licentiam

231 1488 290 1538 et
330 1481 710 1538 miserabilem
751 1481 1038 1538 inscitiam
1080 1480 1428 1538 disserendi!
1512 1479 1575 1537 Si
1618 1480 1772 1537 enim
1817 1481 1916 1537 ali-

232 1561 373 1637 quid
406 1562 466 1617 in
507 1561 828 1637 eloquendo
862 1580 964 1618 nec
997 1579 1196 1617 verum
1230 1579 1334 1617 nec
1367 1560 1579 1616 falsum
1622 1567 1724 1631 est,
1758 1568 1913 1618 certe

229 1642 293 1698 id
319 1660 514 1698 verum
549 1660 666 1697 non
700 1647 801 1697 est.
888 1640 1059 1708 Quod
1088 1648 1280 1698 autem
1310 1658 1506 1697 verum
1536 1659 1652 1697 non
1684 1647 1786 1712 est,
1813 1641 1915 1718 qui

228 1728 423 1799 potest
455 1741 573 1778 non
607 1722 815 1778 falsum
851 1723 1007 1779 esse?
1062 1728 1163 1779 aut
1197 1721 1355 1798 quod
1394 1720 1605 1777 falsum
1646 1740 1764 1778 non
1807 1729 1911 1792 est,

230 1803 329 1878 qui
378 1808 571 1879 potest
618 1821 736 1860 non
791 1821 989 1858 verum
1037 1802 1195 1859 esse?
1281 1800 1595 1858 Tenebitur
1642 1820 1780 1877 ergo
1829 1802 1909 1872 id,

230 1882 385 1958 quod
414 1901 447 1938 a
474 1881 803 1958 Chrysippo
826 1881 1174 1951 defenditur,
1201 1900 1433 1938 omnem
1455 1881 1913 1939 enuntiationem

227 1970 327 2018 aut
356 1980 544 2018 veram
574 1969 674 2018 aut
701 1960 906 2018 falsam
934 1980 1087 2018 esse:
1131 1961 1278 2018 ratio
1301 1961 1426 2037 ipsa
1453 1967 1621 2037 coget
1648 1967 1707 2018 et
1728 1981 1796 2018 ex
1826 1981 1915 2018 ae-

226 2042 495 2098 ternitate
525 2041 803 2118 quaedam
834 2060 953 2100 esse
982 2060 1116 2099 vera
1143 2046 1202 2098 et
1230 2060 1296 2097 ea
1316 2060 1432 2098 non
1464 2060 1585 2098 esse
1613 2060 1759 2099 nexa
1785 2061 1914 2098 cau-

228 2122 305 2178 sis
333 2122 577 2179 aeternis
606 2129 664 2178 et
692 2141 726 2179 a
752 2121 862 2178 fati
889 2122 1226 2178 necessitate
1254 2139 1374 2178 esse
1395 2119 1587 2178 libera.

308 2201 504 2259 XVII.
592 2208 684 2260 39.
729 2202 819 2258 Ac
859 2201 1005 2258 mihi
1040 2201 1275 2278 quidem
1316 2201 1559 2272 videtur,
1591 2219 1723 2257 cum
1765 2200 1946 2264 duae,

226 2283 541 2339 sententiae
576 2282 821 2338 fuissent
854 2288 1110 2338 veterum
1146 2280 1640 2358 philosophorum,
1673 2299 1798 2337 una
1819 2300 1914 2337 eo-

224 2382 370 2433 rum,
404 2363 501 2438 qui
536 2369 827 2419 censerent
861 2362 1056 2418 omnia
1087 2362 1171 2418 ita
1203 2361 1327 2418 fato
1361 2360 1502 2432 fieri,
1527 2367 1594 2417 ut
1627 2361 1689 2417 id
1721 2361 1911 2417 fatum

225 2443 341 2498 vim
377 2442 728 2499 necessitatis
762 2441 1026 2513 adferret,
1058 2442 1120 2498 in
1155 2460 1268 2518 qua
1301 2441 1584 2498 sententia
1615 2440 1913 2497 Democri-

230 2530 335 2593 tus,
373 2522 714 2592 Heraclitus,
751 2521 1147 2598 EmpedocleS‚
1182 2520 1524 2578 Aristoteles
1565 2520 1698 2591 fuit,
1734 2520 1913 2577 altera

224 2622 439 2673 eorum,
473 2602 679 2678 quibus
712 2602 1040 2658 viderentur
1073 2602 1196 2658 sine
1229 2601 1347 2657 ullo
1380 2601 1505 2658 fato
1539 2619 1660 2658 esse
1693 2600 1914 2656 animo-

227 2702 353 2740 rum
385 2690 579 2739 motus
619 2681 941 2752 voluntarii,
974 2681 1335 2757 Chrysippus
1367 2686 1662 2758 tamquam
1697 2679 1914 2737 arbiter

226 2763 565 2821 honorarius
587 2762 842 2820 medium
865 2762 1035 2818 ferire
1063 2761 1326 2831 voluisse,
1353 2760 1453 2817 sed
1475 2760 1726 2837 applicat
1747 2778 1806 2816 se
1835 2761 1913 2817 ad

225 2860 322 2897 eos
366 2842 577 2917 potiuS,
611 2843 709 2919 qui
753 2842 1089 2898 necessitate
1134 2847 1328 2897 motus
1372 2841 1595 2898 animos
1638 2839 1913 2897 liberatos

226 2920 441 2976 volunt.
526 2921 687 2977 Dum
721 2927 913 2978 autem
946 2921 1133 2977 verbis
1167 2922 1349 2978 utitur
1378 2921 1510 2988 suiS,
1537 2919 1820 2978 delabitur
1847 2921 1912 2976 in

225 3017 320 3054 cas
354 2997 732 3070 difficultateS,
765 3007 829 3056 ut
862 3001 1257 3056 necessitatem
1293 3000 1399 3056 fati
1434 3000 1733 3056 confirmet
1767 3000 1914 3057 invi-

224 3084 334 3133 tuS.
422 3082 515 3133 40.
561 3078 756 3153 Atque
784 3078 911 3147 hoc,
938 3079 984 3134 si
1006 3079 1211 3154 placet,
1234 3078 1398 3155 quale
1427 3080 1503 3136 sit
1531 3079 1826 3136 videamus
1850 3081 1912 3136 in

228 3153 675 3225 adsensionibuS,
723 3175 861 3228 quas
910 3158 1096 3230 prima
1146 3159 1401 3215 oratione
1449 3159 1704 3217 tractavi.
1797 3159 1914 3217 Eas
