2205 3431
756 155 912 205 CAP.
940 155 1388 218 XV111.÷XX.‚§
1417 158 1595 206 42-48.
1922 161 2018 206 260

331 255 571 313 tendum
601 275 721 313 esse
749 256 875 314 fato
901 255 1026 314 fieri
1048 257 1271 314 omnia:
1308 277 1377 315 ex
1400 277 1515 334 quo
1536 258 1705 315 facile
1727 257 2018 315 intellectu

333 343 434 407 est,
468 337 739 413 quoniam
783 337 1009 413 utrique
1050 338 1340 414 patefacta
1379 345 1551 413 atque
1585 337 1865 413 explicata
1898 357 2018 395 sen·

330 416 514 473 tentia
541 436 643 473 sua
669 416 742 473 ad
771 417 1018 474 eundem
1040 418 1260 474 exitum
1282 418 1528 487 veniant,
1549 417 1736 474 verbis
1765 437 1877 488 e08‚
1899 437 2016 474 non

330 516 391 553 re
425 496 712 554 dissidere.
799 501 893 555 45.
939 496 1308 574 Omninoque
1342 517 1472 554 cum
1507 497 1647 554 haec
1682 498 1757 555 sit
1785 498 2018 555 distinc-

329 577 433 647 ti0,
456 583 523 633 ut
556 576 897 652 quibusdam
926 577 987 632 in
1016 577 1185 634 rebus
1217 596 1346 634 vere
1380 577 1495 634 dici
1524 577 1723 654 possit,
1749 597 1881 634 cum
1908 577 2017 635 hae

330 675 532 713 causae
564 663 921 733 antegressae
955 657 1086 729 sint,
1118 676 1235 714 non
1271 677 1391 714 esse
1419 658 1479 713 in
1508 664 1704 715 nostra
1731 664 2016 734 potestate

331 736 471 814 quin
499 735 597 793 illa
624 737 904 806 eveniant,
928 756 1171 814 quorum
1195 756 1394 794 causae
1416 738 1649 809 fuerint,
1673 737 2015 814 quibusdam

329 823 522 874 autem
562 816 625 873 in
665 816 834 873 rebus
876 817 1059 873 causis
1101 818 1442 894 antegressis
1482 818 1544 875 in
1586 826 1782 875 nostra
1821 825 2015 874 tamen

330 915 450 954 esse
484 902 769 973 potestate
803 903 869 954 ut
897 897 1040 955 illud
1062 897 1226 954 aliter
1258 898 1498 968 eveniat,
1522 898 1670 955 hanc
1698 897 2016 954 distinctio—

329 995 462 1033 nem
496 976 724 1052 utrique
758 976 1095 1053 approbant,
1123 977 1224 1034 sed
1251 977 1414 1035 alteri
1444 985 1691 1049 censent,
1719 977 1967 1054 quibus
1952 996 2014 1033 1n

328 1056 497 1113 rebus
526 1075 653 1113 cum
686 1075 885 1113 causae
906 1049 1327 1129 antecesserint,
1353 1077 1470 1114 non
1494 1059 1568 1115 sit
1589 1058 1648 1115 in
1673 1064 1867 1114 nostra
1888 1064 2014 1134 pot-

329 1141 523 1207 estate,
548 1143 615 1193 ut
642 1136 805 1193 aliter
830 1136 930 1194 illa
962 1137 1242 1209 eveniant,
1269 1157 1362 1195 eas
1390 1140 1514 1195 fato
1542 1137 1696 1194 fieri.
1742 1157 1886 1214 quae
1920 1156 2015 1193 au·

327 1222 448 1272 tem
488 1217 549 1273 in
591 1222 789 1274 nostra
833 1223 1139 1294 potestate.
1164 1217 1295 1289 sint,
1326 1218 1397 1275 ab
1440 1218 1513 1274 iis
1554 1218 1741 1274 fatum
1783 1217 2010 1275 abesse:

329 1295 489 1352 alteri
517 1295 719 1353 volunt
747 1316 780 1353 a
806 1297 975 1354 rebus
1001 1298 1190 1354 fatum
1221 1317 1391 1355 omne
1418 1294 1670 1374 relegari.

833 1393 870 1430 a·
1152 1392 1189 1430 a«
1472 1394 1508 1430 a·
1790 1389 1825 1430 §a

407 1455 544 1513 XX.
647 1461 739 1514 46.
800 1456 932 1514 Hoc
986 1457 1165 1514 modo
1219 1457 1368 1514 hanc
1424 1476 1650 1514 causam
1707 1454 2014 1533 disceptari

329 1541 574 1611 oportet,
596 1555 712 1593 non
743 1536 814 1594 ab
843 1537 1051 1594 atomis
1079 1537 1398 1594 errantibus
1427 1543 1486 1594 et
1514 1537 1585 1594 de
1613 1537 1706 1594 via
1734 1537 2013 1594 declinan-

327 1615 484 1672 tibus
523 1623 716 1692 petere
757 1617 1121 1693 praesidium.
1205 1617 1489 1688 Declinat,
1526 1617 1731 1693 inquit,
1767 1623 2009 1674 atomus,

328 1694 592 1753 Primum
641 1699 781 1755 cur?
861 1696 1054 1754 Aliam
1113 1697 1267 1755 enim
1319 1696 1605 1774 quandam
1653 1697 1771 1754 vim
1818 1703 2012 1754 motus

329 1775 623 1834 habebunt
649 1797 684 1833 a
709 1778 1045 1835 Democrito
1068 1777 1447 1854 impulsioniS‚
1471 1797 1638 1854 quam
1664 1777 1893 1855 plagam
1916 1778 2011 1835 ille

328 1856 593 1933 appellat,
619 1876 653 1913 a
679 1864 754 1928 te,
778 1856 1041 1934 Epicure,
1065 1858 1364 1935 gravitatis
1398 1865 1455 1915 et
1483 1857 1768 1934 ponderis.
1853 1856 2012 1926 Quae

329 1954 467 2012 ergo
495 1955 643 1994 nova
670 1956 839 1995 causa
858 1938 919 1994 in
941 1945 1144 1995 natura
1171 1944 1258 1996 est
1286 1957 1430 2015 quae
1452 1938 1700 1995 declinet
1721 1940 2012 1996 atomum?

328 2023 429 2073 aut
456 2036 596 2073 num
625 2018 940 2075 sortiuntur
959 2018 1111 2075 inter
1140 2038 1199 2075 se
1230 2037 1373 2095 quae
1402 2017 1663 2090 declinet,
1687 2038 1829 2095 quae
1857 2019 2011 2075 non?

328 2103 429 2153 aut
475 2116 577 2154 cur
618 2098 863 2154 minimo
915 2097 1204 2156 declinent
1247 2097 1563 2169 int-ervaHO,
1594 2099 1810 2155 maiore
1857 2100 2012 2156 non?

329 2182 429 2234 aut
456 2192 557 2233 cur
585 2177 871 2235 declinent
899 2196 1015 2234 uno
1045 2178 1305 2248 minimo,
1325 2196 1443 2234 non
1474 2177 1760 2235 declinent
1787 2177 2012 2236 duobus

328 2263 429 2314 aut
460 2257 680 2314 tribus?
761 2257 975 2333 Optare
1009 2258 1120 2314 hoc
1155 2257 1388 2334 quidem
1423 2264 1525 2329 est,
1550 2275 1668 2313 non
1703 2258 2007 2333 disputare.

329 2335 424 2393 47.
469 2336 619 2394 Nam
656 2356 839 2413 neque
875 2338 1223 2394 extrinsecus
1256 2336 1561 2414 impulsam
1597 2344 1855 2394 atomum
1884 2338 2011 2395 loco

327 2418 544 2473 moveri
590 2424 649 2474 et
692 2417 973 2474 declinare
1018 2417 1178 2489 dicis,
1217 2436 1402 2494 neque
1446 2418 1507 2473 in
1551 2417 1651 2475 illo
1695 2418 1869 2488 inani,
1911 2436 2012 2494 per

330 2495 487 2572 quod
514 2497 730 2554 feratur
763 2504 1006 2568 atomus,
1032 2498 1335 2574 quicquam
1372 2498 1551 2555 fuisse
1585 2516 1784 2555 causae
1819 2517 1918 2554 cur
1945 2517 2012 2554 ea

328 2594 445 2632 non
477 2595 507 2633 e
534 2577 767 2653 regione
795 2577 1055 2648 ferretur,
1080 2596 1185 2635 nec
1215 2578 1273 2634 in
1296 2577 1423 2653 ipsa
1448 2584 1645 2635 atomo
1674 2578 2011 2633 mutationis

329 2655 546 2732 aliquid
573 2657 791 2715 factum
826 2663 914 2713 est
948 2677 1118 2734 quam
1155 2657 1229 2715 ob
1263 2677 1382 2714 rem
1412 2657 1727 2715 naturalem
1757 2656 1844 2713 sui
1872 2675 2012 2732 pon-

330 2734 478 2792 deris
506 2742 731 2794 motum
760 2755 878 2793 non
907 2743 1139 2795 teneret.
1226 2736 1317 2793 Ita
1338 2757 1465 2794 cum
1491 2738 1776 2795 attulisset
1796 2736 2009 2793 nullam

330 2833 554 2872 causam
587 2836 730 2893 quae
751 2817 920 2874 istam
943 2817 1385 2874 declinationem
1416 2817 1676 2886 efficeret,
1700 2823 1894 2874 tamen
1916 2816 2012 2873 ali-

332 2895 472 2969 quid
500 2895 609 2954 sibi
639 2897 824 2954 dicere
857 2897 1100 2967 videtur,
1126 2916 1257 2954 cum
1287 2897 1349 2953 id
1377 2897 1532 2954 dicat
1565 2897 1722 2973 quod
1751 2897 2009 2953 omnium

328 2981 550 3033 mentes
580 2984 952 3053 aspernentur
973 2992 1037 3034 ac
1059 2984 1345 3053 respuant.
1431 2983 1524 3034 48.
1562 2977 1684 3034 Nec
1706 2996 1838 3033 vero
1864 2977 2011 3053 quis-

330 3073 502 3131 quam
535 3057 720 3133 magis
754 3056 1087 3114 confirmare
1123 3056 1266 3113 mihi
1300 3056 1527 3113 videtur
1558 3076 1676 3113 non
1710 3055 1887 3112 modo
1929 3057 2010 3112 fa-

327 3142 472 3207 tum,
503 3154 699 3193 verum
742 3137 916 3193 etiam
957 3136 1352 3194 necessitatem
1388 3144 1445 3194 et
1477 3137 1593 3193 vim
1630 3136 1887 3193 omnium
1929 3154 2009 3192 re-

328 3236 455 3275 rum
506 3216 910 3290 sustulisseque
958 3223 1153 3273 motus
1202 3216 1378 3273 animi
1427 3216 1794 3286 voluntariOS,
1837 3234 2006 3291 quam

477 3295 527 3338 2¹
1979 3295 2161 3375 Α
