2205 3431
155 3291 193 3331 k

238 112 336 159 230
760 110 859 158 DE
893 109 1390 161 DIVINATIONE.

238 230 369 268 cum
391 211 450 266 in
480 209 775 268 flectendis
802 211 1217 286 promunturiis
1237 218 1537 269 ventorum
1566 220 1919 270 mutationes

238 290 514 347 maximas
558 310 725 366 saepe
770 290 1050 347 sentiant:
1094 290 1234 348 haee
1279 291 1457 367 igitur
1500 311 1632 349 cum
1674 292 1750 349 sit
1789 301 1917 350 tum

238 370 524 441 serenitaS,
555 377 681 428 tum
722 370 1076 446 perturbatio
1119 370 1275 441 caeli,
1308 378 1467 428 estne
1508 391 1774 428 sanorum
1817 373 1921 428 ho-

236 450 456 507 minum
481 450 590 507 hoe
612 450 685 507 ad
705 450 1063 506 nascentium
1092 457 1251 506 ortus
1271 450 1554 526 pertinere
1582 470 1700 508 non
1729 452 1919 509 dicere

234 530 474 606 —quod
501 537 651 587 certe
687 548 801 585 non
831 530 1113 605 pertinet:
1158 529 1301 585 illud
1327 531 1520 587 nescio
1556 531 1696 607 quid
1724 538 1917 600 tenue,

236 610 392 686 quod
426 609 623 666 sentiri
655 609 812 665 nullo
847 609 1039 679 mod0,
1064 609 1321 686 intellegi
1354 617 1544 668 autem
1574 611 1670 666 vix
1704 618 1916 686 potest,

235 709 379 766 quae
406 709 441 746 a
461 689 597 746 luna
624 689 937 765 ceterisque
967 688 1247 746 sideribus
1275 689 1413 747 caeli
1435 691 1774 766 temperatio
1795 689 1917 763 fiat,

234 768 420 826 dicere
462 769 534 825 ad
576 787 881 844 puerorum
926 775 1083 825 ortus
1125 769 1446 845 pertinere?
1527 768 1718 838 Quid?
1760 770 1921 846 quod

234 867 351 904 non
393 847 734 924 intellegunt
775 848 1059 904 seminum
1092 849 1230 920 vim,
1261 868 1405 925 quae
1446 849 1520 905 ad
1559 849 1920 925 gignendum

233 927 761 1004 procreandumque
789 927 1100 1002 plurimum
1130 918 1329 999 vffleat,
1355 929 1619 986 funditus
1647 928 1773 986 tolli
1801 949 1921 986 me-

234 1007 444 1065 diocris
477 1007 680 1064 erroris
713 1008 835 1064 est?
917 1007 1059 1076 Quis
1088 1008 1242 1065 enim
1277 1027 1394 1065 non
1423 1008 1579 1065 videt
1613 1017 1671 1065 et
1698 1009 1921 1065 formas

234 1094 292 1144 et
318 1107 506 1144 mores
534 1094 592 1144 et
612 1087 912 1164 plerosque
942 1095 1123 1144 status
1151 1108 1216 1144 ae
1244 1096 1439 1144 motus
1466 1087 1731 1163 effingere
1760 1108 1794 1144 a
1821 1107 1921 1164 pa-

233 1167 489 1225 rentibus
517 1167 765 1224 liberos?
808 1166 964 1244 quod
997 1186 1113 1223 non
1150 1168 1524 1244 contingeret,
1550 1168 1598 1224 si
1626 1168 1764 1224 haec
1797 1187 1920 1224 non

233 1248 319 1304 vis
347 1254 406 1305 et
435 1255 639 1304 natura
665 1246 1027 1322 gignentium
1057 1246 1319 1318 efficeret,
1340 1247 1440 1304 sed
1468 1247 1807 1323 temperatio
1838 1247 1922 1304 lu·

234 1346 340 1384 nae
389 1327 640 1403 caelique
681 1326 1016 1384 moderatio,
1118 1332 1209 1384 95.
1249 1326 1445 1395 Quid?
1501 1327 1658 1402 quod
1700 1345 1816 1383 uno
1860 1334 1922 1384 et

234 1407 435 1464 eodem
467 1407 743 1483 temporis
771 1413 989 1481 puncto
1021 1407 1144 1463 nati
1172 1406 1476 1463 dissimiles
1509 1414 1568 1463 et
1595 1414 1826 1463 naturas
1860 1415 1922 1463 et

153 1544 158 1551 ,
234 1487 380 1543 vitas
408 1494 466 1544 et
493 1506 654 1543 casus
675 1485 906 1557 habent,
922 1505 1199 1562 parumne
1222 1485 1469 1543 declarat
1491 1485 1633 1542 nihil
1656 1487 1730 1543 ad
1751 1505 1922 1562 agen-

235 1566 367 1623 dam
390 1567 566 1623 vitam
596 1566 866 1623 nascendi
886 1573 1115 1642 tempus
1142 1566 1463 1642 pertinere?
1504 1566 1615 1622 nisi
1635 1566 1787 1622 forte
1817 1585 1922 1641 pu-

233 1655 423 1703 tamus
457 1646 744 1703 neminem
787 1645 989 1702 eodem
1024 1652 1283 1724 ternpore
1317 1645 1443 1722 ipso
1483 1652 1540 1702 et
1574 1652 1921 1723 conceptum

236 1735 293 1783 ct
339 1734 536 1784 natum
584 1746 697 1803 quo
744 1725 1104 1783 Africanum.
1190 1725 1346 1782 Num
1394 1727 1521 1804 quis
1564 1726 1742 1803 igitur
1784 1726 1921 1783 talis

235 1808 349 1864 fuit
366 1808 385 1862 2

317 1885 528 1943 XLVI.
603 1890 694 1941 96.
733 1883 920 1952 Quid?
954 1885 1169 1942 illudne
1191 1884 1429 1943 dubium
1454 1891 1542 1942 est
1563 1885 1701 1961 quin
1729 1885 1919 1957 multi,

236 1986 367 2023 eum
397 1966 479 2021 ita
512 1964 634 2021 nati
663 1973 865 2036 essent,
890 1973 956 2021 ut
979 1966 1256 2041 quaedam
1293 1972 1493 2022 contra
1525 1972 1788 2021 naturam
1825 1965 1921 2022 de-

235 2052 469 2123 pravata
502 2044 792 2114 haberent,
817 2044 1251 2103 restituerentur
1292 2052 1350 2102 et
1391 2045 1806 2121 corrigerentur
1847 2045 1922 2101 ab

236 2133 452 2195 natura,
478 2144 608 2181 cum
644 2143 703 2181 se
731 2124 856 2200 ipsa
887 2131 1221 2195 revocasset,
1247 2131 1346 2181 aut
1379 2132 1499 2181 arte
1533 2135 1705 2201 atque
1738 2125 1921 2182 medi-

235 2207 379 2276 cina,
401 2212 481 2276 ut,
502 2223 743 2281 quorum
768 2204 995 2280 linguae
1024 2205 1104 2261 sic
1133 2204 1505 2275 inhaererent,
1526 2211 1592 2261 ut
1614 2204 1772 2280 loqui
1800 2224 1921 2261 non

235 2292 486 2363 possent,
517 2304 614 2341 eae
658 2283 923 2359 scalpello
965 2291 1213 2341 resectae
1256 2284 1666 2341 liberarentur?
1747 2283 1923 2341 Multi

235 2366 408 2422 etiam
432 2372 665 2422 naturae
688 2363 891 2420 vitium
916 2364 1291 2421 meditatione
1313 2371 1484 2441 atque
1512 2363 1922 2421 exercitatione

236 2445 600 2515 sustulerunt,
627 2451 692 2500 ut
720 2443 1171 2500 Demosthenem
1208 2442 1405 2500 scribit
1437 2443 1762 2514 PhalereuS‚
1786 2462 1922 2500 cum

237 2544 359 2582 nno
391 2525 577 2582 dicere
607 2523 883 2600 nequiret,
909 2523 1314 2581 exercitatione
1341 2523 1544 2580 fecisse
1570 2529 1636 2579 ut
1663 2522 1924 2599 planissi-

235 2625 329 2661 me
358 2605 586 2663 diceret.
672 2603 844 2671 Quod
872 2603 919 2660 si
948 2603 1087 2660 haec
1116 2610 1269 2660 astro
1297 2603 1628 2679 ingenerata
1660 2609 1719 2658 et
1747 2603 1924 2659 tradi-

237 2692 297 2742 ta
338 2691 540 2755 essent,
565 2682 721 2740 nulla
753 2703 841 2740 res
875 2702 942 2740 ea
973 2690 1194 2740 mutare
1226 2690 1438 2759 posset.
1524 2681 1715 2750 Quid?
1757 2682 1926 2739 dissi-

136 2781 145 2790 ·
235 2764 504 2821 militudo
526 2764 783 2820 locorum
805 2782 996 2819 nonne
1019 2762 1323 2819 dissimiles
1341 2762 1641 2819 hominum
1664 2780 1927 2837 procrea-

235 2844 423 2900 tiones
442 2843 651 2899 habet?
694 2862 833 2919 quas
863 2843 1095 2918 quidem
1119 2861 1440 2918 percurrere
1471 2842 1727 2898 oratione
1749 2841 1925 2900 facile

238 2929 341 2989 est,
368 2921 507 2996 quid
540 2921 688 2977 inter
721 2921 897 2978 Indos
942 2928 999 2978 et
1032 2922 1250 2993 PersaS,
1275 2921 1597 2998 Aethiopas
1640 2928 1698 2977 et
1743 2920 1926 2979 Suros

237 3000 468 3056 differat
490 2999 820 3074 corporibus
849 3001 1070 3070 animis,
1092 3008 1158 3057 ut
1181 3001 1528 3058 incredibilis
1548 3001 1788 3058 varietas
1811 3002 1927 3058 dis-

241 3076 669 3152 similitudoque
705 3078 793 3133 sit.
880 3081 971 3135 97.
1009 3080 1096 3135 Ex
1133 3100 1246 3155 quo
1277 3081 1628 3158 intellegitur
1654 3081 1784 3158 plus
1813 3089 1926 3139 ter-

240 3174 430 3213 rarum
459 3155 601 3212 situs
630 3174 799 3228 quam
830 3155 994 3213 lunae
1023 3166 1209 3216 tactus
1237 3160 1310 3216 ad
1337 3162 1687 3218 nascendum
1718 3160 1922 3221 valere.
