2205 3431
217 85 280 131 ’ἴΟ
655 81 754 128 DE
795 79 1093 129 NATURA
1132 79 1455 129 DEORUM.

214 183 349 239 dem
371 188 502 239 ante
534 180 568 208 “
588 180 897 257 optimus‚’'
922 181 985 238 id
1013 187 1116 252 est,
1135 179 1700 251 beneficentissimus,
1727 197 1896 256 quam

217 263 252 289 ‘⁶
272 260 608 332 maximu8‚'’
642 261 776 338 quia
802 261 987 317 maius
1020 267 1107 317 est
1134 266 1398 337 certeque
1425 260 1643 336 gratius
1670 259 1898 336 prodes-

214 361 276 399 se
311 341 579 398 omnibus
613 360 785 418 quam
827 360 966 416 opes
1007 358 1245 416 magnas
1286 339 1508 397 habere.
1596 345 1687 396 65.
1725 339 1898 395 Hunc

216 422 396 499 igitur
426 420 664 492 EnniuS‚
691 428 756 478 ut
784 439 954 497 supra
982 419 1121 492 dixi,
1145 426 1439 497 nuncupat
1467 420 1549 476 ita
1577 419 1805 477 dicens:

216 548 403 610 Aspice
428 547 524 595 hoc
553 546 797 595 sublimen
819 545 1053 607 candenS,
1073 560 1224 608 quem
1245 546 1477 594 invocant
1500 560 1673 594 omnes
1694 544 1863 594 Iovem
1883 562 1895 593 ι

217 665 444 742 planius
472 683 645 741 quam
674 663 786 721 alio
814 663 942 720 loco
972 664 1161 721 idem:

219 793 331 855 Cui,
361 793 492 856 quod
527 792 580 840 in
614 807 694 840 me
726 800 822 853 est,
849 792 1161 852 exsecrabor,
1188 790 1299 854 hoc,
1327 791 1462 855 quod
1494 791 1641 852 lucet,
1665 791 1902 855 quidquid

413 867 519 906 est:

222 978 379 1034 hunc
408 976 584 1034 etiam
613 994 854 1052 augures
882 974 1081 1044 nostri,
1099 993 1231 1032 cum
1254 974 1456 1032 dicunt
1478 973 1512 1001 “
1530 972 1666 1032 Iove
1682 973 1905 1051 fulgen·

217 1065 294 1128 te,
314 1062 553 1114 tonante
573 1054 623 1114 :”
662 1056 862 1113 dicunt
890 1055 1044 1113 enim
1077 1056 1111 1082 “
1128 1055 1284 1112 caelo
1312 1054 1589 1131 fulgente,
1610 1053 1901 1112 tonante.’'

218 1136 525 1214 Euripides
545 1142 756 1207 autem,
779 1144 844 1193 ut
864 1135 1047 1192 multa.
1069 1134 1371 1212 praeclare,
1392 1135 1471 1192 sic
1494 1135 1603 1192 hoc
1624 1134 1902 1192 breviter:

311 1274 470 1322 Vides
497 1273 708 1322 sublime
730 1270 893 1321 fusum
916 1272 1295 1322 immoderatum
1322 1273 1535 1328 aethera,

311 1341 409 1400 Qui
440 1349 624 1388 terram
649 1349 816 1388 tenero
845 1339 1168 1387 circumiectu
1190 1339 1541 1400 amplectitur?

314 1406 464 1453 Hunc
491 1420 740 1453 summum
770 1405 947 1453 habeto
974 1404 1161 1465 divum,
1185 1403 1315 1452 hunc
1342 1405 1593 1473 perhibeto
1621 1405 1806 1452 Iovem.

223 1530 450 1589 XXVI.
498 1537 589 1589 66.
621 1531 745 1588 Aer
772 1538 983 1602 autem,
1009 1537 1074 1587 ut
1102 1530 1286 1588 Stoici
1314 1531 1628 1608 disputant,
1652 1531 1907 1588 interiec-

223 1620 319 1668 tus
351 1612 499 1668 inter
531 1631 686 1668 mare
728 1618 786 1668 et
813 1610 1033 1668 caelum
1068 1610 1308 1667 Iunonis
1350 1611 1583 1667 nomine
1621 1630 1908 1667 consecra-

224 1700 334 1764 tur,
357 1711 499 1769 quae
527 1699 615 1749 est
643 1710 802 1748 soror
830 1698 888 1748 et
916 1690 1168 1748 coniunx
1196 1690 1365 1763 Iovis,
1388 1691 1543 1768 quod
1574 1691 1626 1747 ei
1648 1690 1908 1749 similitu-

226 1772 303 1828 do
333 1780 420 1829 est
447 1771 692 1829 aetheris
720 1779 778 1828 et
806 1790 937 1828 cum
967 1790 1035 1827 eo
1070 1790 1296 1827 summa
1328 1772 1674 1829 coniunctio,
1757 1771 1909 1828 Effe-

225 1852 589 1909 minaverunt
622 1858 814 1908 autem
857 1869 989 1907 eum
1025 1848 1348 1927 Iunonique
1380 1852 1719 1921 tribuerunt,
1752 1851 1909 1928 quod

227 1931 371 1988 nihil
402 1938 488 1988 est
516 1950 583 1988 eo
612 1930 857 1987 mollius,
943 1929 1059 1986 Sed
1089 1929 1371 1987 Iunonem
1405 1951 1439 1987 a
1466 1932 1715 1987 iuvando
1738 1932 1908 1989 credo

228 2011 601 2068 nominatam.
677 2010 851 2086 Aqua
876 2010 1125 2067 restabat
1148 2017 1206 2067 ct
1233 2017 1397 2080 terra,
1422 2019 1488 2067 ut
1516 2017 1703 2067 essent
1732 2030 1800 2067 ex
1828 2011 1912 2067 fa-

228 2090 380 2148 bulis
412 2090 522 2147 tria
554 2108 729 2167 regna.
761 2090 959 2147 divisa.
1042 2089 1263 2146 Datum
1297 2098 1383 2147 est
1409 2090 1587 2167 igitur
1614 2090 1672 2146 N
1674 2098 1909 2167 eptun0,

229 2170 408 2227 altero
444 2170 614 2241 IoviS,
647 2177 711 2227 ut
744 2170 960 2241 volunt,
985 2170 1167 2241 fratri,
1199 2170 1552 2227 maritimum
1587 2189 1757 2227 omne
1791 2190 1913 2246 reg-

229 2269 371 2307 num
405 2269 729 2327 nomenque
758 2250 1122 2326 productum,
1149 2256 1213 2306 ut
1243 2250 1534 2307 Portunus
1563 2269 1597 2306 a
1613 2258 1809 2324 portu,
1832 2252 1911 2308 sic

231 2330 539 2407 Neptunus
567 2350 601 2387 a
626 2331 816 2386 nando
844 2330 1079 2407 paulum
1108 2329 1311 2407 primis
1338 2329 1543 2387 litteris
1572 2331 1909 2402 immutatis,

230 2418 456 2467 terrena
488 2417 679 2467 autem
708 2410 794 2465 vis
829 2410 1017 2466 omnis
1049 2417 1222 2486 atque
1255 2417 1459 2467 natura
1484 2409 1613 2467 Diti
1642 2411 1791 2487 patri
1820 2411 1913 2467 de-

231 2490 421 2547 dicata
449 2498 550 2560 est,
578 2490 677 2567 qui
705 2489 898 2560 Divae,
920 2496 985 2546 ut
1013 2491 1169 2566 apud
1196 2489 1441 2547 Graecos
1473 2490 1755 2562 Πλούτων,
1781 2491 1914 2567 quia.

231 2578 291 2627 ct
319 2571 574 2627 recidant
603 2569 797 2626 omnia
824 2570 883 2626 in
911 2576 1089 2626 terras
1118 2577 1175 2627 et
1203 2570 1460 2628 oriantur
1487 2589 1517 2627 e
1546 2572 1725 2628 terris,
1803 2570 1914 2628 Cui

233 2650 654 2726 Proserpinam,
681 2651 837 2726 quod
877 2650 1225 2708 Graecorum
1267 2669 1479 2707 nomen
1522 2656 1623 2721 est,
1646 2645 1914 2724 [nuptam

232 2728 491 2806 dicunt]:
536 2749 602 2786 ea
635 2730 788 2786 enim
823 2736 924 2801 est,
957 2749 1101 2805 quae
1136 2731 1453 2805 Περσεφόνη
1486 2729 1699 2787 Graece
1732 2730 1914 2787 nomi-

232 2816 416 2879 natur,
440 2828 611 2885 quam
639 2809 871 2885 frugum
903 2829 1097 2867 semen
1127 2828 1247 2866 esse
1270 2811 1470 2867 volunt
1498 2810 1914 2867 absconditam-

234 2908 345 2964 que
375 2888 568 2964 quaeri
598 2907 630 2944 a
660 2898 840 2946 matre
868 2888 1111 2965 fingunt.
1199 2890 1290 2946 67.
1329 2889 1513 2946 Mater
1540 2896 1733 2947 autem
1768 2898 1854 2947 est
1881 2910 1915 2947 a

235 2971 269 2995 ‘⁴
288 2967 554 3043 gerendis
572 2967 604 2994 '’
629 2968 893 3044 frugibus
922 2970 1092 3026 Ceres
1120 2975 1415 3046 tamquam
1447 2970 1480 2997 “
1499 2969 1731 3044 Geresss’
1761 2990 1916 3027 casu-

233 3067 345 3124 que
390 3047 578 3123 prima
622 3047 811 3105 littera
854 3049 1054 3106 itidem
1101 3049 1422 3120 immutata,
1459 3057 1526 3108 ut
1570 3070 1604 3107 a
1648 3050 1912 3108 Graecis:

232 3147 365 3184 nam
397 3127 468 3185 ab
497 3127 610 3184 illis
639 3147 866 3204 quoque
895 3131 1155 3206 Δημήτηρ
1185 3131 1346 3208 quasi
1374 3133 1630 3207 Γημὴτηρ
1658 3131 1915 3188 nomina-
