2205 3431
470 158 608 207 LIB.
637 158 735 219 11.,
758 157 914 207 CAP.
939 157 1369 218 >ant-XLV„
1399 156 1428 217 ς
1455 160 1694 207 111-115.
1858 156 1921 205 87

243 262 374 316 114.
413 256 595 326 Quem
628 257 977 335 subsequens

367 377 610 427 Fervidus
633 378 716 427 ille
740 378 892 428 Canis
916 379 1173 427 stellarum
1196 378 1305 428 luce
1327 378 1553 440 refulget.

238 490 384 548 Post
412 489 602 567 Lepus
631 490 902 566 sequitur,

366 610 681 660 Curi-iculum
703 625 973 671 numquam
998 610 1190 658 defesso
1214 624 1419 672 corpore
1443 610 1637 660 sedans,

365 678 440 724 At
463 676 615 724 Canis
639 675 703 723 ad
726 675 937 723 caudam
964 690 1162 736 seipens
1185 675 1459 737 prolabitur
1480 677 1620 735 Argo
1639 713 1652 725 .
1677 713 1689 725 .
1715 712 1728 726 .

366 742 514 789 Hanc
539 742 685 789 Aries
709 741 833 801 tegit
855 749 904 787 et
927 755 1191 803 squamoso
1215 755 1419 803 corpore
1441 742 1626 802 PisceS,

365 806 611 854 Fluminis
635 805 813 854 illustri
835 814 1122 867 tangentem
1148 821 1351 869 corpore
1375 807 1521 869 ripas.

236 922 420 992 Quem
448 924 619 1000 longe
649 930 971 1001 serpentem
1001 930 1059 981 et
1087 931 1417 982 manantem

363 1078 429 1086 —
449 1051 657 1113 aspicies
679 1066 977 1114 proceraque
1000 1051 1185 1099 Vincla
1205 1052 1410 1112 videbis,

364 1117 504 1175 Quae
527 1117 740 1165 retinent
762 1118 932 1165 Pisces
954 1118 1224 1165 caudarum
1248 1133 1279 1166 a
1301 1127 1440 1179 parte
1462 1117 1637 1166 locata.
1664 1154 1676 1167 .
1703 1155 1714 1167 .
1742 1154 1755 1167 .

365 1182 491 1230 Inde
514 1183 685 1245 Nepae
708 1197 878 1230 cernes
902 1190 1104 1244 propter
1126 1183 1359 1243 fulgentis
1383 1198 1592 1230 acumen

362 1248 540 1308 Aram,
555 1262 704 1310 quam
727 1247 849 1295 flatu
871 1248 1143 1310 permulcet
1166 1248 1367 1311 spiritus
1389 1248 1560 1297 austri.

232 1363 590 1441 Propterque
619 1363 940 1421 Centaurus

362 1493 509 1542 Cedit
532 1494 663 1555 Equi
687 1493 838 1555 partis
861 1506 1128 1555 properans
1152 1492 1448 1552 subiungere
1471 1492 1638 1541 chelim

362 1559 461 1606 llic
485 1558 713 1606 dextram
735 1573 959 1619 porgens
980 1558 1260 1620 quadrupes
1286 1573 1385 1620 qua
1407 1568 1548 1605 vasta
1572 1566 1781 1619 tenetur,

361 1623 545 1672 Tendit
566 1636 617 1671 et
639 1623 877 1671 illustrem
903 1623 1211 1671 truculentus
1234 1623 1397 1671 caedit
1419 1624 1484 1670 ad
1508 1639 1676 1672 aram:

363 1688 464 1738 Hic
486 1704 592 1738 sese
613 1689 816 1738 infernis
841 1689 904 1738 de
925 1689 1149 1751 partibus
1172 1689 1318 1750 erigit
1341 1688 1533 1753 Hydra,

231 1806 393 1864 euius
421 1806 592 1883 longe
622 1825 830 1883 corpus
860 1812 947 1863 est
973 1806 1190 1877 fusum,

359 1935 420 1982 In
444 1934 705 1997 medioque
728 1934 841 1982 sinu
857 1933 1052 1995 fulgens
1075 1933 1286 1983 Cratera
1309 1934 1516 1983 relucet.

360 2000 655 2049 Extremam
680 2000 840 2047 nitens
864 2000 1089 2061 plumato
1114 2015 1319 2062 corpore
1343 2001 1536 2048 Corvus

358 2064 540 2113 Rostro
564 2065 741 2125 tundit,
765 2074 817 2113 et
840 2065 919 2113 hic
946 2065 1174 2115 Geminis
1197 2074 1273 2113 est
1296 2065 1377 2113 ille
1401 2066 1489 2112 sub
1514 2065 1633 2126 ipsis

357 2131 495 2179 Ante
523 2130 730 2190 Canem,
748 2134 793 2177 H
795 2128 990 2193 ροκὺων
1015 2129 1167 2179 Graio
1191 2130 1276 2193 qui
1299 2130 1501 2179 nomine
1522 2131 1694 2180 fertur.

232 2252 364 2305 115.
401 2246 562 2305 Haec
598 2246 788 2304 omnis
821 2246 1136 2323 descriptio
1180 2247 1431 2304 siderum
1465 2254 1638 2325 atque
1670 2247 1766 2305 hic
1800 2255 1921 2305 tan-

227 2336 324 2384 tus
365 2327 507 2384 caeli
541 2335 775 2384 ornatus
810 2346 878 2384 ex
914 2327 1250 2404 corporibus
1282 2326 1394 2384 huc
1437 2335 1496 2385 et
1529 2327 1662 2385 illuc
1696 2347 1827 2385 casu
1855 2327 1921 2386 'et

228 2415 441 2464 temere
471 2406 830 2464 cursantibus
852 2408 1109 2484 potuisse
1137 2406 1282 2465 effici
1305 2408 1570 2485 cuiquam
1603 2427 1741 2465 sano
1763 2409 1916 2466 vide-

227 2487 276 2544 ri
304 2488 534 2564 potest?
603 2487 727 2544 Aut
748 2506 882 2544 vero
911 2487 1102 2564 aliqua
1130 2494 1335 2545 natura
1360 2488 1573 2545 mentis
1600 2496 1659 2545 et
1679 2489 1919 2546 rationis

227 2586 428 2643 expers
457 2567 595 2625 haee
623 2566 842 2624 efficere
872 2568 1080 2643 potuit,
1105 2586 1249 2644 quae
1276 2587 1394 2624 non
1422 2568 1598 2625 modo
1629 2574 1695 2625 ut
1716 2567 1919 2625 fierent

227 2648 448 2705 ratione
477 2654 771 2723 eguerunt,
794 2647 894 2704 sed
916 2647 1171 2723 intellegi
1196 2647 1384 2725 qualia
1405 2648 1522 2704 sint
1543 2648 1664 2704 sine
1694 2667 1919 2705 summa

227 2727 449 2784 ratione
481 2747 598 2783 non
628 2728 909 2804 possunt?

309 2806 491 2865 XLV.
527 2807 649 2865 Nee
680 2827 812 2864 vero
847 2807 987 2865 hace
1021 2807 1208 2864 solum
1244 2806 1617 2879 admirabilia,
1643 2806 1743 2864 sed
1772 2806 1917 2864 nihil

226 2887 413 2944 maius
447 2907 615 2965 quam
655 2887 812 2965 quod
847 2888 929 2944 ita
961 2887 1184 2944 stabilis
1226 2895 1313 2944 est
1346 2887 1597 2944 mundus
1630 2894 1800 2964 atque
1836 2888 1917 2945 ita

229 2966 493 3025 cohaeret
515 2968 588 3025 ad
610 2967 1082 3044 permanendum,
1104 2974 1170 3024 ut
1193 2967 1337 3024 nihil
1361 2987 1433 3024 ne
1462 2968 1774 3044 excogitari
1797 2969 1914 3045 qui-

227 3047 359 3104 dem
384 3048 566 3124 possit
588 3048 792 3125 aptius,
864 3048 1081 3105 Omnes
1111 3048 1263 3104 enim
1294 3055 1483 3125 partes
1512 3047 1633 3104 eius
1661 3047 1915 3124 undique

226 3127 481 3183 medium
503 3128 691 3185 locum
712 3136 1068 3204 capessentes
1085 3128 1351 3185 nituntur
1367 3126 1689 3204 aequaliter.
1743 3127 1918 3182 Maxi-⁴

225 3226 320 3263 me
361 3214 551 3265 autern
597 3227 837 3286 corpora
876 3208 1027 3265 inter
1067 3227 1127 3264 se
1169 3207 1365 3265 iuncta
1397 3212 1751 3283 permanent,
1782 3225 1913 3262 cum
