2205 3431
624 124 878 185 L113.11.‚
902 124 1335 185 CAP.1V.-V1.,
1360 122 1389 182 ς
1419 126 1595 173 11-17.
1864 125 1957 173 201

273 226 622 305 praesentire
666 225 989 302 signis—in
1036 243 1151 302 quo
1197 231 1394 281 nostra
1436 223 1714 301 quaedam
1747 222 1961 280 Aratea

273 306 604 364 memoriter
630 325 665 363 a
692 312 751 362 te
779 305 1151 382 pronuntiata
1178 305 1500 376 sunt—‚etsi
1528 304 1667 361 haec
1696 304 1820 381 ipsa
1846 304 1961 360 for-

273 387 423 444 tuita
464 392 630 443 sunt:
673 384 1008 463 plerumque
1050 384 1222 455 enim,
1253 404 1370 441 non
1413 403 1638 460 semper
1669 383 1956 441 eveniunt.

275 466 436 535 Quae
469 472 557 523 est
588 465 767 543 igitur
807 471 907 522 aut
940 464 1040 521 ubi
1073 470 1329 521 versatur
1360 464 1730 521 fortuitarum
1770 482 1960 521 rerum

275 546 618 625 praesensiO,
657 564 829 623 quam
871 544 1286 602 divinationem
1319 545 1523 601 vocas?
1604 542 1764 611 Quae
1805 544 1960 600 enim

275 625 612 704 praesentiri
654 631 756 682 aut
788 631 909 682 arte
949 630 1050 681 aut
1081 624 1305 681 ratione
1338 630 1438 680 aut
1471 643 1577 680 usu
1610 630 1710 680 aut
1743 623 1960 681 coniec-

276 715 406 764 tura
431 711 690 783 possunt,
715 723 782 762 ea
808 723 926 761 non
955 703 1166 761 divinis
1198 703 1503 760 tribuenda
1528 710 1713 780 putaS,
1739 702 1838 760 sed
1866 722 1961 780 pe-

276 786 417 843 ritis.
503 785 593 842 Ita
620 784 960 862 relinquitur
987 790 1054 841 ut
1081 802 1149 840 ea
1175 783 1419 841 fortuita
1445 783 1690 841 divinari
1717 783 1957 860 possint,

280 885 424 942 quae
457 865 614 922 nulla
644 883 750 922 nee
783 871 902 922 arte
936 882 1054 921 nee·
1075 863 1356 939 sapientia
1383 862 1670 940 provideri
1699 869 1957 939 possunt,

281 953 362 1017 ut,
395 945 443 1002 si
486 945 614 1022 quis
647 944 725 1002 M.
757 944 1089 1002 Marcellum
1123 943 1303 1013 illum,
1336 944 1436 1021 qui
1468 950 1556 1001 ter
1596 943 1793 1000 consul
1826 943 1958 1014 fuit,

278 1025 477 1083 multis
509 1025 674 1082 annis
707 1031 840 1081 ante
874 1024 1113 1081 dixisset
1139 1023 1441 1100 naufragio
1476 1042 1595 1080 esse
1623 1023 1958 1099 periturum,

279 1106 590 1163 divinasset
616 1104 895 1182 profecto,
983 1103 1158 1161 Nulla
1184 1103 1338 1160 enim
1372 1110 1492 1160 arte
1520 1103 1630 1160 alia
1656 1102 1718 1160 id
1746 1122 1851 1160 nee
1881 1122 1963 1160 sa-

278 1186 498 1262 pientia
525 1185 665 1242 scire
694 1184 991 1261 potuisset.
1076 1182 1304 1240 Talium
1334 1202 1469 1259 ergo
1498 1201 1702 1253 rerum,
1729 1203 1873 1260 quae
1900 1183 1962 1239 in

279 1267 513 1323 fortuna
546 1264 766 1341 positae
808 1270 958 1335 sunt,
988 1263 1313 1340 praesensio
1347 1263 1625 1320 divinatio
1668 1270 1770 1321 est.
1854 1262 1959 1321 VI.

284 1351 374 1402 15.
419 1345 695 1402 Potestne
725 1344 902 1420 igitur
933 1362 1128 1400 earum
1161 1362 1366 1413 rerum,
1400 1361 1543 1420 quae
1575 1342 1720 1399 nihil
1749 1342 1964 1399 habent

278 1425 518 1482 rationis
568 1443 680 1501 qua
722 1444 781 1481 re
830 1424 1058 1485 futurae
1108 1422 1238 1493 sint,
1276 1441 1397 1479 esse
1444 1421 1560 1479 ulla
1602 1423 1964 1499 praesensio?

281 1504 438 1573 Quid
471 1511 558 1561 est
591 1504 744 1561 enim
787 1502 944 1560 aliud
975 1503 1114 1574 fors„
1152 1501 1292 1579 quid
1325 1502 1575 1573 fortuna,
1608 1502 1749 1579 quid
1782 1522 1960 1572 oasuS,

282 1585 424 1662 quid
457 1591 691 1642 eventus
727 1584 835 1641 nisi
869 1603 1001 1641 cum
1035 1583 1116 1640 sio
1150 1581 1367 1659 aliquid
1396 1582 1619 1653 cecidit,
1644 1583 1724 1639 sio
1754 1582 1960 1653 evenit,

281 1672 348 1723 ut
381 1664 467 1722 vel
499 1684 615 1722 non
645 1664 843 1723 eadere
877 1670 1049 1741 atque
1083 1663 1308 1721 evenire
1337 1661 1426 1720 vel
1455 1662 1618 1721 aliter
1651 1662 1849 1720 cadere
1884 1668 1965 1720 at-

283 1765 393 1823 que
427 1745 649 1802 evenire
683 1745 972 1822 potuerit?
1053 1743 1183 1812 Quo
1216 1743 1392 1800 modo
1427 1762 1563 1819 ergo
1592 1741 1670 1814 id,
1696 1743 1851 1820 quod
1885 1749 1966 1800 te-

280 1845 435 1883 mere
464 1825 530 1882 fit
558 1844 725 1882 caeco
760 1844 893 1881 casu
926 1830 984 1881 et
1011 1823 1370 1880 volubilitate
1399 1823 1682 1894 fortunae,
1707 1842 1966 1900 praesen-

280 1906 379 1962 tiri
428 1912 486 1962 et
527 1905 779 1982 praedici
822 1906 1049 1980 potest?
1135 1909 1226 1960 16.
1273 1904 1531 1961 Medicus
1574 1904 1839 1961 morbum
1882 1903 1966 1959 in-

281 1991 708 2061 gravescentem
757 1984 978 2041 ratione
1026 1983 1308 2060 providet,
1352 1984 1586 2041 insidias
1635 1985 1961 2061 imperator,

282 2072 653 2143 tempestates
693 2063 1056 2140 gubernator,
1088 2070 1148 2120 et
1180 2069 1373 2120 tamen
1416 2064 1476 2120 hi
1509 2065 1621 2141 ipsi
1664 2083 1830 2141 saepe
1863 2063 1967 2120 fal-

281 2144 493 2214 luntur,
520 2144 618 2221 qui
639 2143 783 2200 nihil
807 2144 928 2200 sine
957 2151 1111 2200 certa
1137 2143 1356 2199 ratione
1386 2144 1711 2219 opinantur,
1735 2151 1801 2201 ut
1822 2143 1966 2220 agri-

283 2224 425 2296 cola,
457 2243 589 2282 eum
622 2223 822 2281 florem
857 2223 1013 2280 oleae
1041 2222 1216 2292 videt,
1240 2222 1437 2278 bacam
1471 2242 1698 2300 quoque
1733 2243 1792 2280 se
1819 2225 1968 2280 visu-

282 2324 412 2363 rum
457 2310 639 2381 putat,
676 2322 793 2360 non
839 2303 959 2359 sine
1004 2302 1225 2359 ratione
1271 2302 1364 2359 ille
1410 2303 1660 2380 quidem,
1702 2302 1801 2360 sed
1848 2322 1965 2359 non

282 2403 597 2461 numquam
633 2390 827 2440 tamen
860 2382 1092 2440 fallitur.
1180 2381 1352 2450 Quod
1385 2383 1433 2438 si
1467 2382 1744 2440 falluntur
1776 2382 1836 2453 ii,
1869 2383 1967 2459 qui

282 2464 429 2522 nihil
464 2464 584 2520 sine
626 2463 817 2539 aliqua
847 2462 1133 2539 probabili
1168 2463 1495 2520 coniectura
1526 2482 1591 2519 ae
1632 2462 1853 2519 ratione
1886 2462 1970 2518 di-

284 2551 438 2615 cunt,
477 2543 616 2621 quid
658 2541 1104 2600 existimandum
1147 2550 1234 2600 est
1267 2543 1338 2600 de
1384 2543 1710 2599 coniectura
1750 2560 1965 2611 eorum,

286 2624 386 2701 qui
412 2624 559 2681 extis
587 2630 687 2680 aut
715 2622 913 2679 avibus
941 2629 1041 2679 aut
1070 2623 1309 2679 ostentis
1338 2629 1438 2679 aut
1466 2622 1667 2679 oraclis
1695 2628 1795 2678 aut
1823 2640 1970 2677 som-

283 2705 396 2761 niis
425 2704 621 2761 futura
647 2702 1080 2780 praesentiunt?
1159 2702 1434 2759 Nondum
1469 2702 1599 2759 dico
1631 2720 1801 2778 quam
1829 2700 1969 2757 haee

285 2784 450 2860 signa
481 2782 639 2840 nulla
671 2782 802 2854 sint,
833 2783 1029 2839 fissum
1065 2783 1284 2853 iecoriS‚
1316 2782 1472 2840 corvi
1505 2790 1722 2852 cantuS,
1747 2780 1969 2838 volatus

285 2864 524 2941 aquilae,
577 2862 771 2921 stellae
825 2862 1102 2933 traiectiO,
1154 2882 1322 2919 voces
1376 2862 1711 2932 furentium,
1771 2868 1966 2930 sorteS,

191 2949 196 2953 ’
285 2945 542 3001 somnia:
587 2944 658 3001 de
689 2942 895 3020 quibus
924 2942 1165 3018 singulis
1193 2942 1379 2999 dicam
1415 2962 1518 2998 suo
1548 2943 1692 3013 1000,
1716 2961 1869 2999 nunc
1898 2941 1970 2997 de

284 3024 577 3082 universis,
665 3025 757 3080 17.
795 3022 905 3091 Qui
937 3029 1131 3100 potest
1158 3022 1445 3098 provideri
1477 3024 1781 3097 quicquam
1816 3023 1972 3079 futu-

284 3124 413 3161 rum
447 3123 569 3162 esse
598 3103 753 3181 quod
782 3122 967 3181 neque
1000 3122 1227 3159 eausam
1256 3100 1429 3158 habet
1460 3101 1631 3157 ullam
1660 3119 1844 3177 neque
1872 3119 1971 3154 no-

283 3191 406 3242 tam
454 3203 555 3242 cur
601 3185 862 3241 futurum
912 3182 1023 3240 sit?
1106 3181 1256 3239 Solis
1304 3181 1672 3252 defectiones,
1717 3180 1970 3253 itemque
