2205 3431
279 122 371 168 102
715 120 813 168 DI«)
847 121 981 169 NA'l
997 120 1148 170 URA
1183 120 1503 170 DEORUM.

274 220 559 278 niensium
594 219 1289 297 Lacedaemoniorumque
1322 239 1490 277 causa
1519 222 1838 297 putandum
1874 231 1962 281 est

274 300 535 357 conditas
563 319 699 370 esse,
725 301 1047 376 omniaque,
1073 319 1218 377 quae
1247 301 1362 357 sint
1391 301 1449 356 in
1478 299 1570 357 his
1597 301 1848 372 urbibuS,
1870 322 1962 359 eo-

273 399 401 437 rum
429 378 774 457 populorum
804 388 955 437 recte
989 399 1110 451 esse
1144 380 1430 449 dicuntur,
1455 381 1534 437 sic
1570 400 1959 458 quaecumque

274 467 408 516 sunt
436 460 493 515 in
525 460 684 515 omni
714 459 932 515 mundo
962 458 1200 516 deorum
1232 466 1402 536 atque
1431 460 1730 517 hominum
1757 470 1960 537 putan-

274 539 345 596 da
388 546 537 596 sunt.
627 545 757 595 155.
804 538 928 595 Iam
970 558 1105 595 vero
1150 540 1481 596 circumitus
1523 539 1657 596 solis
1700 548 1758 597 et
1792 541 1959 599 lunae

272 619 734 695 reliquorumque
770 618 1037 687 siderum,
1065 637 1412 695 quamquam
1448 618 1620 676 etiam
1654 620 1728 676 ad
1755 621 1957 677 mundi

273 698 694 755 cohaerentiam
725 698 1030 774 pertinent,
1052 706 1246 755 tamen
1277 706 1334 755 et
1364 698 1747 774 spectaculum
1777 700 1961 756 homi-

272 777 441 833 nibus
469 777 778 853 praebent:
823 777 980 833 nulla
1013 785 1099 834 est
1129 778 1282 834 enim
1312 778 1691 835 insatiabilior
1723 779 1955 855 specieS,

273 856 428 912 nulla
449 856 739 933 pulchrior
760 865 818 913 et
840 856 913 912 ad
930 857 1211 914 rationem
1236 857 1657 934 sollertiamque
1674 865 1962 933 praestan-

271 936 418 993 tior:
464 955 660 993 eorum
704 936 858 993 enim
901 955 1097 993 cursus
1132 937 1396 994 dimetati
1428 937 1787 995 maturitates
1818 945 1961 994 tem-

272 1034 478 1092 porum
540 1024 598 1072 et
657 1015 958 1073 varietates
1016 1017 1481 1092 mutationesque
1541 1018 1957 1092 cognovimus:

273 1113 417 1171 quae
460 1095 507 1151 si
541 1094 872 1152 hominibus
917 1096 1052 1152 solis
1094 1103 1234 1153 nota
1267 1104 1417 1166 sunt,
1448 1095 1745 1153 hominum
1791 1116 1962 1153 causa

271 1175 427 1231 facta
471 1194 590 1232 esse
640 1175 1010 1231 iudicandum
1061 1183 1162 1232 est.
1252 1181 1383 1232 156.
1436 1175 1609 1232 Terra
1656 1195 1789 1233 vero
1837 1177 1962 1233 feta

271 1253 536 1331 frugibus
566 1262 624 1312 et
651 1255 807 1311 vario
837 1254 1194 1331 leguminum
1224 1274 1447 1331 genere,
1470 1274 1613 1331 quae
1646 1274 1775 1312 cum
1806 1275 1961 1312 max-

271 1334 388 1391 ima
416 1334 677 1411 largitate
709 1334 922 1404 fundit,
947 1354 1014 1391 ea
1042 1335 1368 1391 ferarumne
1397 1354 1468 1391 an
1504 1334 1802 1391 hominum
1832 1354 1962 1391 cau-

273 1433 334 1470 sa
359 1415 595 1491 gignere
630 1414 889 1471 videtur?
971 1413 1127 1481 Quid
1156 1414 1227 1471 de
1261 1414 1474 1471 vitibus
1507 1408 1841 1491 olivetisque
1876 1414 1961 1471 di-

272 1496 434 1551 cam?
484 1513 722 1571 quarum
772 1493 1045 1551 uberrimi
1090 1494 1498 1570 laetissimique
1544 1493 1765 1550 fructus
1812 1493 1958 1550 nihil

273 1574 511 1631 omnino
553 1574 627 1631 ad
659 1573 872 1631 bestias
906 1574 1212 1649 pertinent.
1299 1573 1501 1650 Neque
1543 1574 1692 1629 enim
1734 1574 1957 1630 serendi

272 1673 455 1732 neque
485 1654 709 1711 colendi
734 1673 836 1710 nec
861 1654 1199 1731 tempestive
1229 1653 1554 1710 demetendi
1577 1652 1952 1731 percipiendi-

274 1754 383 1811 que
416 1735 639 1792 fructus
673 1754 858 1811 neque
892 1734 1181 1792 condendi
1209 1754 1274 1791 ac
1308 1734 1620 1811 reponendi
1649 1734 1763 1791 ulla
1788 1754 1957 1811 pecu-

273 1815 411 1871 dum
436 1815 672 1871 scientia
701 1821 787 1871 est
818 1833 1127 1891 earumque
1156 1815 1413 1871 omnium
1444 1833 1630 1870 rerum
1653 1814 1951 1871 hominum

273 1903 358 1952 est
387 1901 446 1952 et
460 1915 609 1952 -usus
642 1901 700 1951 et
734 1913 881 1951 cura.
968 1893 1187 1951 LXIII.
1237 1894 1367 1951 157.
1405 1893 1492 1951 Ut
1521 1893 1660 1951 fides
1688 1894 1862 1969 igitur
1896 1903 1955 1951 et

271 1974 443 2031 tibias
477 1994 674 2031 eorum
711 1993 879 2031 causa
912 1974 1094 2031 factas
1129 1973 1436 2031 dicendum
1471 1981 1571 2043 est,
1598 1974 1695 2050 qui
1723 1973 1833 2030 illis
1866 1975 1953 2031 uti

273 2062 521 2132 possent,
555 2054 634 2111 sic
677 2074 758 2125 ea,
793 2074 936 2130 quae
979 2055 1247 2124 diximuS,
1279 2054 1348 2110 iis
1391 2053 1524 2110 solis
1564 2052 1954 2111 confitendum

273 2142 358 2192 est
401 2154 520 2192 essc
554 2141 766 2211 parata,
794 2135 892 2212 qui
934 2141 1192 2203 utuntur,
1217 2153 1322 2190 nec
1356 2134 1404 2190 si
1438 2153 1580 2210 quae
1611 2133 1842 2193 bestiae.
1864 2135 1957 2191 fu-

272 2222 469 2272 rantur
495 2214 715 2292 aliquid
742 2235 810 2272 ex
835 2216 902 2271 iis
932 2221 1031 2272 aut
1052 2215 1302 2291 rapiunt,
1323 2213 1542 2270 illarum
1575 2233 1799 2290 quoque
1827 2233 1956 2272 cau-

273 2316 334 2352 sa
366 2315 432 2352 ea
459 2302 593 2352 nata
620 2315 740 2352 essc
770 2296 1039 2352 dicemus.
1128 2294 1330 2370 Neque
1364 2294 1517 2351 enim
1545 2293 1805 2351 homines
1830 2314 1956 2352 mu-

272 2394 397 2432 rum
433 2382 532 2432 aut
558 2375 928 2432 formicarum
965 2394 1134 2432 causa
1166 2375 1521 2431 frumentum
1556 2374 1825 2445 condunt,
1851 2376 1954 2432 sed

272 2456 584 2530 coniugum
618 2463 676 2512 et
704 2454 1011 2512 liberorum
1047 2462 1106 2513 et
1132 2455 1482 2511 familiarum
1516 2474 1757 2511 suarum.
1841 2454 1956 2512 Ita-

273 2554 382 2611 que
424 2534 638 2592 bestiae
678 2534 898 2601 furtim,
930 2542 996 2592 ut
1034 2535 1171 2606 dixi,
1196 2535 1481 2602 fruuntur,
1507 2534 1727 2591 domini
1762 2535 1952 2612 palam

272 2621 331 2671 et
372 2613 559 2671 libere.
649 2620 778 2671 158.
827 2614 1150 2671 Hominum
1192 2615 1370 2691 igitur
1417 2634 1585 2671 causa
1628 2634 1723 2672 eas
1763 2635 1956 2673 rerum

272 2695 466 2770 copias
520 2701 876 2770 comparatas
930 2694 1234 2751 fatendum
1291 2702 1392 2765 est,
1430 2695 1541 2752 nisi
1590 2696 1739 2752 forte
1792 2702 1960 2754 tanta

273 2773 500 2829 ubertas
542 2774 782 2830 varietas
814 2793 1118 2850 pomorum
1166 2793 1476 2851 eorumque
1517 2775 1798 2832 iucundus
1835 2795 1958 2834 non

272 2860 537 2925 gustatus
565 2853 765 2922 solum,
788 2853 888 2909 sed
916 2854 1189 2910 odoratus
1217 2855 1388 2911 etiam
1419 2863 1477 2911 et
1504 2862 1766 2932 aspectus
1794 2856 1962 2914 dubi-

275 2931 553 2988 tationem
594 2932 782 2989 adfert
817 2933 955 3008 quin
989 2932 1322 2990 hominibus
1357 2935 1490 2990 solis
1525 2956 1590 2991 ea
1624 2943 1824 2993 natura
1858 2936 1963 2994 do-

275 3009 508 3066 naverit.
593 3010 957 3087 Tantumque
991 3012 1151 3069 abest
1180 3021 1245 3069 ut
1275 3013 1411 3071 haec
1441 3014 1750 3073 bestiarum
1782 3017 1963 3076 etiam

275 3107 444 3145 causa
482 3096 679 3164 parata
720 3090 849 3158 sint,
880 3099 946 3147 ut
988 3092 1139 3167 ipsas
1179 3092 1389 3151 bestias
1430 3094 1732 3153 hominum
1774 3099 1967 3173 gratia

275 3175 570 3243 generatas
603 3187 723 3226 esso
757 3169 1065 3228 videamus.
1153 3171 1306 3240 Quid
1335 3175 1486 3231 enim
1518 3195 1651 3233 oves
1679 3170 1835 3235 aliud
1864 3179 1967 3237 ad-
