2205 3431
203 110 268 156 32
648 109 745 156 DE
781 109 1077 157 NATURA
1114 109 1431 158 DEORUM.

203 210 442 266 mortale
471 217 572 279 est,
598 210 659 266 id
687 229 791 266 nec
819 209 993 266 habet
1021 230 1126 267 nec
1155 210 1388 267 exhibet
1415 211 1681 288 cuiquam
1712 231 1883 289 nego-

203 289 408 346 tium.’'
492 289 720 346 XXXI.
768 289 837 346 In
871 290 978 346 hac
1010 290 1094 346 ita
1127 291 1388 366 exposit-a
1422 292 1708 348 sententia
1748 300 1883 349 sunt

205 369 304 444 qui
333 369 675 439 existiment,
699 370 854 446 quod
876 370 970 426 ille
993 370 1217 426 inscitia
1245 369 1413 447 plane
1442 370 1714 447 loquendi
1737 372 1884 428 fece-

202 449 293 519 rit,
318 449 519 506 fecisse
555 450 851 506 consulto:
896 450 966 506 de
1002 449 1237 507 homine
1268 450 1508 507 minime
1538 452 1700 508 vafro
1735 452 1881 508 male

202 529 546 586 existimant.
634 535 724 587 86.
761 529 1020 586 Dubium
1056 537 1143 586 est
1176 530 1329 586 enim
1373 538 1564 586 utrum
1601 531 1755 588 dicat
1788 532 1884 588 ali-

203 609 342 685 quid
378 610 486 667 iste
527 608 760 666 beatum
806 617 864 666 et
908 609 1229 666 immortale
1271 628 1360 680 an,
1393 611 1441 666 si
1488 611 1644 687 quod
1686 612 1759 668 sit
1796 605 1882 684 [id

201 708 321 746 esse
354 686 720 766 immortale}
807 688 940 745 Non
975 689 1441 746 animadvertunt
1474 690 1567 748 hic
1603 711 1732 748 eum
1767 711 1883 748 am-

199 767 373 844 bigue
402 769 656 826 locutum
687 788 823 840 esse,
849 769 948 826 sed
979 768 1175 826 multis
1208 770 1334 826 aliis
1369 769 1507 827 locis
1542 777 1599 828 et
1635 771 1793 827 illum
1825 780 1883 827 et

200 847 592 906 Metrodorum
626 856 746 905 tam
789 858 982 925 aperte
1026 868 1197 926 quam
1231 850 1403 925 paulo
1446 857 1578 907 ante
1616 857 1687 908 te.
1779 851 1881 907 Ille

200 948 332 985 vero
382 929 520 986 deos
562 949 681 986 esse
722 937 890 1005 putat
929 948 1034 986 nec
1094 948 1417 1005 quenquam
1459 929 1579 986 vidi
1625 929 1723 1006 qui
1766 948 1880 986 ma—

197 1009 288 1084 gis
329 1029 409 1078 ea,
444 1028 586 1085 quae
624 1009 881 1066 timenda
922 1028 1041 1065 esse
1079 1017 1328 1084 negaret,
1360 1009 1604 1076 timeret,
1637 1016 1880 1066 mortem

199 1089 330 1145 dico
374 1097 431 1146 et
472 1090 625 1146 (1008.
711 1088 932 1156 Quibus
976 1082 1292 1145 mediocres
1336 1088 1599 1145 homines
1642 1108 1760 1145 non
1800 1089 1883 1145 ita

199 1169 362 1226 valde
405 1178 723 1239 moventur,
756 1169 845 1225 his
878 1169 972 1226 ille
1007 1168 1215 1226 clamat
1249 1169 1507 1225 omnium
1551 1169 1882 1226 mortalium

199 1257 420 1306 mentes
476 1269 596 1306 esse
645 1249 987 1325 perterritas,
1093 1248 1209 1304 Tot
1256 1249 1418 1305 milia
1472 1247 1883 1305 latrocinantur

199 1336 385 1386 morte
440 1331 773 1406 proposita:
831 1328 928 1385 alii
988 1328 1198 1399 omnia,
1245 1348 1388 1404 quae
1442 1336 1702 1404 possunt,
1747 1329 1883 1385 fana

200 1408 529 1486 compilant.
616 1409 820 1481 CredO,
852 1415 951 1465 aut
978 1408 1108 1465 illos
1141 1409 1344 1466 mortis
1378 1409 1553 1466 timor
1581 1416 1754 1466 terret
1783 1415 1882 1466 aut

198 1488 306 1545 hos
334 1489 641 1565 religionis,

282 1569 373 1627 87.
412 1569 527 1627 Sed
556 1570 826 1646 quoniam
861 1588 977 1625 non
1013 1568 1378 1625 audes—iam
1412 1569 1563 1626 enim
1595 1589 1724 1626 cum
1755 1569 1881 1645 ipso

200 1649 449 1726 Epicuro
484 1650 972 1728 loquar—negare
1007 1668 1127 1705 esse
1162 1649 1316 1721 deOS,
1344 1648 1483 1725 quid
1518 1656 1604 1706 est
1635 1649 1790 1726 quod
1825 1656 1881 1705 te

200 1730 479 1806 impediat
520 1738 619 1787 aut
661 1730 837 1787 8010111
881 1738 980 1787 aut
1021 1729 1305 1786 mundum
1345 1737 1445 1787 aut
1484 1737 1735 1787 mentem
1787 1730 1882 1785 ali-

201 1830 373 1886 quam
404 1812 803 1902 sempiternam
836 1811 896 1866 in
926 1810 1162 1866 deorum
1193 1816 1397 1866 natura
1424 1811 1670 1886 ponere?
1703 1810 1760 1866 N
1764 1830 1883 1866 11111

201 1909 372 1981 quam
403 1890 577 1960 vidi,
562 1891 768 1967 inquiS,
793 1891 1042 1947 animam
1078 1889 1319 1946 rationis
1347 1890 1682 1967 consiliique
1711 1891 1883 1966 parti-

199 1971 385 2046 cipem
421 1970 480 2025 in
516 1970 630 2027 ulla
663 1970 771 2026 alia
804 1970 913 2026 nisi
948 1970 1200 2027 humana
1232 1969 1428 2045 figura.
1515 1969 1706 2037 Quid?
1748 1970 1883 2026 solis

200 2050 616 2127 numquidnam
651 2057 751 2107 aut
779 2050 945 2106 lunae
979 2057 1078 2106 aut
1108 2050 1360 2141 quinque
1395 2050 1701 2106 errant-ium
1740 2050 1882 2106 side-

199 2151 322 2188 rum
356 2130 538 2187 simile
573 2131 802 2188 vidisti?
871 2129 969 2187 Sol
1004 2130 1225 2186 duabus
1258 2130 1427 2186 unius
1471 2130 1623 2186 orbis
1666 2130 1883 2187 ultimis

199 2211 456 2287 partibus
511 2210 786 2268 definiens
840 2218 1063 2267 motum
1122 2229 1317 2266 cursus
1365 2229 1585 2267 annuos
1634 2209 1879 2267 conficit.

198 2291 389 2348 Huius
449 2291 596 2348 hanc
651 2291 1043 2348 lustrationem
1107 2289 1360 2347 eiusdem
1424 2290 1650 2347 insensa
1709 2290 1883 2346 radiis

199 2379 490 2428 menstruo
521 2372 706 2448 spatio
735 2370 869 2429 luna
898 2370 1164 2446 complet.
1238 2369 1505 2446 Quinque
1534 2379 1726 2428 autem
1756 2370 1884 2426 stel-

198 2452 284 2509 lae
340 2451 584 2509 eundem
637 2450 832 2507 orbem
867 2458 1145 2518 tenentes
1177 2450 1318 2506 aliae
1351 2451 1589 2527 propius
1632 2470 1666 2507 a
1698 2450 1879 2521 101118,

198 2529 338 2587 aliae
372 2533 664 2601 remotius,
696 2530 766 2587 ab
803 2531 1012 2587 eisdem
1050 2530 1350 2607 principiis
1384 2530 1707 2607 disparibus
1742 2537 1884 2587 tem-

197 2611 433 2685 poribus
475 2612 673 2669 eadem
724 2612 908 2687 spatia
955 2610 1281 2667 conficiunt.
1368 2610 1524 2667 Num
1569 2611 1711 2688 quid
1750 2611 1879 2681 tale,

200 2690 460 2766 Epicure,
485 2692 717 2749 vidisti?
801 2697 891 2748 88.
938 2690 1026 2747 Νο
1071 2691 1145 2746 811
1179 2691 1356 2766 igitur
1390 2690 1491 2761 sol,
1522 2710 1595 2748 ne
1629 2691 1778 2759 luna,
1811 2710 1882 2747 ne

199 2770 426 2827 stellae:
465 2772 735 2847 quoniam
777 2771 921 2827 nihil
965 2790 1085 2827 esse
1128 2778 1322 2847 potest
1355 2771 1465 2827 nisi
1502 2771 1657 2847 quod
1692 2771 1883 2846 attigi-

198 2869 328 2906 mus
363 2857 461 2906 aut
491 2851 752 2907 vidimus.
839 2850 1028 2919 Quid?
1071 2852 1242 2907 deum
1272 2852 1462 2927 ipsum
1498 2871 1713 2908 numne
1742 2851 1884 2907 vidi-

199 2931 311 2987 sti?
380 2930 497 2986 Cur
529 2931 702 3004 igitur
731 2931 912 2988 credis
947 2932 1104 2987 esse?
1175 2931 1467 2987 Tollamus
1502 2951 1637 3006 crgo
1669 2931 1879 3000 omnia,

200 3029 344 3086 quae
386 3017 485 3065 aut
518 3010 756 3066 historia
795 3011 962 3067 uobis
1005 3018 1105 3067 aut
1145 3011 1291 3067 ratio
1326 3030 1475 3067 nova
1503 3013 1705 3068 adfert.
1793 3011 1885 3067 Ita

200 3089 266 3145 fit
307 3096 373 3146 ut
414 3090 812 3146 mediterranei
854 3110 1006 3147 mare
1056 3109 1176 3146 esse
1225 3109 1338 3145 non
1391 3092 1638 3148 credant.
1725 3090 1883 3159 Quae

200 3175 336 3225 sunt
372 3175 566 3226 tantae
608 3170 784 3225 animi
829 3170 1162 3243 angustiae?
1224 3169 1327 3238 Ut,
1360 3171 1406 3226 si
1446 3171 1672 3247 Seriphi
1715 3182 1884 3227 natus
