2205 3431
487 117 622 164 LlB.
656 117 750 176 11.‚
781 116 935 164 CAP.
969 116 1734 178 van.-Lxx.,§139-145.
1856 120 1954 168 247

281 236 425 294 quae
453 223 540 274 est
566 217 921 274 continuatio
944 217 1385 294 coniunctioque
1407 226 1656 288 naturae,
1682 238 1869 295 quam,
1891 225 1955 275 ut

281 297 416 368 dixi,
448 303 655 353 vocant
687 297 1051 371 συμπάθειαν,
1082 297 1203 353 eius
1243 297 1419 367 modi,
1450 303 1516 354 ut
1547 297 1844 354 thesaurus
1884 317 1954 355 ex

281 396 390 433 ovo
439 375 694 451 intellegi
735 375 975 434 debeat?
1056 375 1207 433 Nam
1248 377 1459 434 medici
1500 396 1570 435 ex
1611 376 1953 453 quibusdam

279 456 447 513 rebus
491 462 549 513 et
593 456 956 513 advenientes
1000 463 1059 513 et
1102 464 1415 514 crescentes
1461 455 1693 514 morbos
1739 455 1955 513 intelle-

278 542 441 611 gunt,
463 555 580 591 non
610 535 791 592 nullas
824 536 998 592 etiam
1031 535 1372 593 valetudinis
1405 535 1864 612 significationeS,
1890 543 1955 592 ut

279 615 390 672 hoc
418 616 625 693 ipsum,
653 615 685 642 ‘⁴
702 615 855 692 pleni
877 615 1134 672 enectine
1164 614 1394 685 simuS,’'
1419 634 1488 672 ex
1518 614 1767 690 quodam
1787 633 1955 691 gene-

278 714 338 752 re
360 695 711 751 somniorum
734 694 989 770 intellegi
1006 714 1173 770 posse
1191 695 1406 752 dicunt.
1482 694 1804 751 Thesaurus
1820 714 1953 752 vero

278 781 338 831 et
364 774 647 831 hereditas
668 780 726 830 et
746 773 932 830 honor
951 780 1011 831 et
1031 774 1269 831 victoria
1290 780 1349 830 et
1369 774 1551 830 multa
1569 774 1792 850 generis
1813 774 1956 831 eius-

278 853 411 910 dem
440 873 551 930 qua
572 873 703 910 cum
724 854 961 910 somniis
982 853 1226 910 naturali
1246 854 1588 929 cognatione
1609 853 1953 929 iunguntur?

282 938 412 990 143.
456 933 685 990 Dicitur
722 933 972 1010 quidam,
1005 953 1135 990 cum
1170 934 1231 989 in
1265 934 1480 990 somnis
1513 933 1815 1009 complexu
1841 933 1955 991 Ve-

279 1012 436 1069 nerio
466 1013 808 1089 iungeretur,
829 1011 1071 1069 calculos
1100 1013 1343 1070 eiecisse.
1423 1012 1611 1070 Video
1641 1012 1954 1090 sympathi-

278 1110 400 1149 am:
444 1093 628 1149 visum
662 1100 747 1151 est
781 1093 935 1149 enim
961 1092 1074 1150 tale
1109 1091 1399 1150 obiectum
1429 1092 1753 1162 dormienti,
1780 1100 1844 1149 ut
1871 1093 1948 1163 id,

280 1172 434 1248 quod
462 1173 668 1243 evenit,
690 1179 924 1230 naturae
952 1173 1053 1243 vis,
1077 1172 1196 1229 non
1225 1173 1424 1249 opinio
1453 1173 1655 1230 erroris
1683 1172 1947 1230 effecerit.

279 1252 437 1320 Quae
465 1253 642 1328 igitur
668 1259 868 1309 natura
896 1251 1108 1310 obtulit
1134 1252 1291 1310 illam
1320 1253 1566 1330 speciem
1597 1252 1898 1322 Simonidi,
1918 1273 1952 1310 a

280 1352 392 1408 qua
418 1339 701 1390 vetaretur
727 1333 1022 1409 navigare?
1063 1340 1164 1390 aut
1193 1332 1333 1409 quid
1360 1340 1593 1389 naturae
1621 1332 1949 1408 copulatum

278 1411 479 1469 habuit
506 1412 822 1469 Alcibiadis
850 1412 1008 1489 quod
1035 1412 1300 1470 scribitur
1327 1413 1647 1469 00111111111112
1690 1412 1790 1488 qui
1817 1432 1952 1488 pau-

277 1492 335 1549 lo
376 1499 507 1550 ante
548 1493 843 1549 interitum
884 1493 1038 1549 visus
1078 1500 1165 1550 est
1206 1493 1266 1548 in
1313 1493 1530 1548 somnis
1572 1492 1786 1548 amicae
1830 1511 1950 1549 esse

277 1572 519 1629 amictus
546 1572 805 1629 amiculo.
891 1571 949 1628 Is
977 1591 1109 1629 cum
1138 1579 1284 1629 esset
1312 1572 1598 1649 proiectus
1619 1572 1951 1628 inhumatus

279 1652 349 1708 ab
392 1651 769 1729 omnibusque
812 1652 1065 1709 desertus
1108 1653 1329 1722 iaceret,
1361 1652 1544 1709 amica
1583 1670 1788 1729 corpus
1829 1652 1950 1709 eius

277 1733 423 1790 texit
450 1752 552 1790 suo
580 1733 769 1809 pallio.
847 1732 1000 1809 Ergo
1029 1732 1140 1790 hoc
1168 1734 1350 1789 inerat
1373 1734 1430 1788 in
1460 1732 1627 1789 rebus
1653 1732 1863 1789 futuris
1892 1740 1951 1790 et

278 1832 473 1869 causas
515 1812 796 1869 naturales
840 1811 1123 1870 habebat?
1165 1831 1238 1869 an
1283 1819 1341 1869 et
1378 1819 1443 1868 ut
1476 1812 1761 1869 videretur
1794 1818 1852 1870 et
1883 1820 1950 1869 ut

279 1893 528 1950 eveniret
555 1912 715 1949 casus
743 1892 964 1949 effecit?

357 1971 540 2030 LXX.
629 1977 758 2028 144.
804 1971 993 2040 Quid?
1033 1972 1289 2048 ipsorum
1324 1971 1700 2048 interpretum
1734 1972 1951 2029 coniec-

276 2057 435 2108 turae
479 2070 669 2108 nonne
709 2052 894 2127 magis
933 2052 1165 2127 ingenia
1210 2051 1498 2108 declarant
1539 2071 1736 2108 eorum
1779 2071 1949 2128 quam

276 2132 395 2187 vim
443 2150 893 2207 consensumque
940 2132 1211 2188 naturae?
1299 2130 1511 2187 Cursor
1557 2131 1631 2186 ad
1678 2132 1952 2208 Olympia

276 2209 558 2287 proficisci
592 2212 851 2287 cogitans
884 2211 1034 2267 visus
1068 2217 1155 2267 est
1186 2214 1247 2266 in
1283 2211 1498 2266 somnis
1533 2229 1697 2266 curru
1728 2211 1951 2287 quadri-

276 2309 475 2366 garum
509 2290 655 2347 vehi.
741 2290 908 2347 Mane
941 2290 1015 2347 ad
1048 2290 1445 2347 coniectorem.
1529 2289 1613 2346 At
1645 2289 1771 2347 ille:
1809 2290 1951 2347 Vin-

277 2389 384 2438 ceS,
411 2370 613 2446 inquit.
698 2369 767 2425 Id
802 2371 954 2427 enim
988 2369 1244 2427 celeritas
1272 2368 1556 2446 significat
1585 2375 1643 2426 et
1669 2370 1754 2426 vis
1781 2388 1951 2445 equo-

276 2469 418 2508 rum.
496 2449 639 2506 Post
666 2448 819 2505 idem
849 2449 921 2505 ad
950 2449 1391 2525 Antiphontem.
1469 2448 1526 2504 Is
1549 2456 1772 2505 autem:
1808 2448 1950 2505 Vin-

276 2548 417 2599 care,
442 2529 646 2605 inquit,
671 2548 895 2585 necesse
925 2536 1025 2585 est.
1110 2528 1208 2584 An
1236 2548 1353 2585 non
1375 2528 1658 2604 intellegis
1681 2535 1951 2605 quattuor

275 2614 408 2664 ante
435 2615 493 2665 te
521 2608 865 2665 cucurrisse?
946 2608 1091 2664 Ecce
1115 2608 1256 2664 alius
1278 2615 1722 2683 cursor—atque
1743 2607 1950 2663 horum

277 2689 628 2744 somniorum
658 2694 715 2743 et
742 2686 942 2744 talium
976 2687 1173 2763 plenus
1201 2694 1287 2744 est
1315 2686 1626 2763 Chrysippi
1657 2686 1811 2757 liber,
1837 2686 1951 2762 ple-

275 2786 383 2823 nus
415 2767 742 2843 Antipatri:
787 2768 886 2830 sed
914 2768 987 2824 ad
1014 2786 1300 2823 cursorem
1335 2766 1536 2823 redeo:
1581 2766 1654 2822 ad
1681 2767 1953 2841 interpre-

275 2854 393 2903 tem
423 2847 628 2903 detulit
656 2846 901 2922 aquilam
932 2866 990 2903 se
1017 2847 1076 2902 in
1108 2847 1322 2901 somnis
1352 2846 1534 2901 visum
1565 2864 1683 2902 esse
1711 2846 1946 2902 factum.

276 2927 359 2982 At
386 2926 511 2983 ille:
548 2926 773 2983 Vicisti.
851 2925 970 2982 Ista
998 2925 1151 2981 enim
1181 2926 1271 2982 avi
1298 2924 1452 2980 volat
1479 2924 1634 2981 nulla
1655 2925 1952 2981 vehemen-

275 3007 404 3063 tius,
490 3005 644 3062 Huic
675 3005 906 3081 quidem
934 3004 1274 3080 Antiphon:
1310 3003 1480 3073 Baro,
1505 3004 1709 3081 inquit,
1736 3005 1949 3060 victum

275 3092 333 3142 te
375 3104 494 3142 esse
535 3104 652 3141 non
695 3085 889 3141 vides?
969 3083 1088 3140 Ista
1129 3084 1282 3140 enim
1325 3083 1444 3138 avis
1487 3084 1770 3141 insectans
1814 3083 1950 3139 alias

275 3183 405 3221 aves
432 3171 491 3222 et
518 3164 740 3240 agitans
769 3181 992 3241 semper
1018 3162 1144 3239 ipsa
1169 3168 1458 3239 postrema
1489 3169 1591 3219 est.
1679 3167 1808 3218 145.
1846 3161 1956 3230 Pas

1999 3287 2094 3351 f
