2205 3431
584 137 683 184 DE
717 138 1015 187 NATURA
1050 138 1356 188 DEORUM
1389 139 1655 188 FRAGM.
1860 140 1955 186 143

277 236 732 309 splendoremque
760 239 1029 293 sermonis
1041 239 1166 311 peti
1193 239 1263 293 ab
1286 239 1385 293 lzoc
1406 239 1609 309 dicam,
1630 256 1757 293 cum
1780 238 1956 294 sciam

277 335 386 371 esse
405 335 517 371 non
529 335 761 389 paucos,
783 318 884 390 qui
905 326 1231 374 aversentur
1258 326 1309 373 et
1314 319 1563 391 fuyiant
1582 319 1752 374 libros
1773 319 1839 374 de
1856 318 1956 373 hoc

277 396 413 465 eius,
438 415 532 451 nec
562 397 625 451 in
657 416 854 453 aurem
888 398 1062 452 velint
1093 398 1392 453 admittere
1427 399 1710 454 lectionem
1743 399 1956 471 opinio-

275 494 417 529 num
466 494 705 531 suarum
741 485 1117 550 praesumpta
1167 479 1487 547 vincentem,
1525 497 1763 550 cumque
1809 478 1955 533 alios

276 555 515 610 audiam
549 556 852 613 mussitare
878 557 1242 630 indiynantes
1274 565 1326 613 et
1353 558 1530 613 dicere
1562 566 1811 630 oportere
1843 565 1954 613 sta-

280 634 367 688 tui
391 654 499 707 per
537 644 812 706 senatum,
837 637 1171 692 aboleantur
1212 645 1279 692 ut
1320 637 1451 692 haec
1495 638 1722 710 scripta,
1749 637 1955 710 quibus

286 712 619 770 Christiana
663 716 863 787 reliyio
906 717 1293 789 comprobetur
1335 723 1388 773 et
1433 718 1730 773 vetustatis
1768 717 1955 789 oppri-

274 802 471 849 matur
499 794 855 852 auctoritas?
934 795 1244 866 ArnobiUS‚
1269 795 1364 853 lib.
1388 795 1514 867 HL,
1540 816 1660 873 cap.
1686 802 1718 853 6
1750 816 1831 873 sq.

356 940 557 997 Cicero
593 941 664 998 de
697 950 900 999 natura
941 942 1179 999 deorum
1214 942 1309 999 lib.
1336 942 1444 999 ΙΙΙ.
1532 942 1565 969 “
1586 942 1738 1011 Quin
1780 942 1954 999 etiam

272 1028 553 1096 gustatUS,
576 1023 672 1097 qui
697 1028 782 1078 est
811 1042 1007 1078 sensus
1036 1042 1106 1079 ex
1135 1022 1401 1079 omnibus
1429 1023 1677 1079 maxime
1698 1022 1955 1099 volupta-

273 1100 391 1156 rius
426 1106 637 1177 quique
672 1101 1026 1158 dulcitudine
1060 1109 1284 1179 praeter
1315 1110 1532 1159 ceteros
1575 1122 1770 1161 sensus
1803 1121 1955 1159 com-

272 1180 589 1238 movetur.’'
666 1181 947 1238 Nonius
990 1181 1295 1240 Marcell.
1321 1202 1376 1259 p.
1401 1188 1493 1253 96,
1518 1189 1592 1239 30
1624 1183 1710 1239 ed.
1733 1182 1901 1239 Mero.
1967 1187 1974 1193 ’

334 1344 436 1392 EX
466 1344 705 1394 LIBRIS
738 1345 836 1393 DE
869 1344 1163 1395 NATURA
1194 1345 1502 1395 DEORUM
1531 1345 1880 1395 INCERTIS.

362 1450 598 1506 Tullius
625 1450 688 1506 in
718 1450 881 1507 libris
913 1452 979 1508 de
1010 1459 1227 1507 natura
1261 1451 1492 1507 deorum
1526 1451 1638 1507 tria
1668 1450 1829 1507 milia
1860 1470 1954 1506 an-

270 1549 477 1587 norum
514 1531 662 1587 dixit
693 1550 967 1607 magnum
1005 1550 1219 1588 annum
1248 1538 1455 1587 tenere.
1559 1531 1847 1587 Servius
1881 1530 1954 1587 ad

288 1610 446 1683 Verq.
467 1610 612 1668 Aen.-
627 1610 723 1668 lib.
742 1610 932 1681 111.‚v.
957 1616 1089 1682 284,
1109 1610 1173 1685 ol.
1194 1610 1398 1667 horum
1417 1610 1689 1667 librorum
1715 1609 1809 1680 IL,
1828 1629 1949 1686 cap.

271 1688 422 1767 20‚§
450 1697 542 1762 51,
562 1698 618 1748 et
641 1691 863 1769 Fragm.
885 1691 1185 1748 Hortensii
1214 1710 1302 1768 ap.
1326 1690 1504 1749 Serv.
1527 1690 1600 1749 ad
1628 1690 1785 1764 Very.
1807 1689 1948 1748 Aen.
1974 1726 1984 1736 ·

270 1770 368 1842 lib..
390 1771 453 1843 I.,
475 1792 524 1828 v,
549 1778 682 1843 269,
705 1779 762 1829 et
790 1772 862 1828 ad
891 1772 985 1829 lib.
1013 1771 1142 1843 HL,
1168 1792 1217 1829 v.
1242 1777 1375 1829 284.

348 1960 364 1974 .
391 1961 404 1974 .
432 1961 445 1975 .
469 1919 630 1991 apud
667 1917 980 1975 Ciceronem
1009 1919 1075 1975 de
1102 1919 1186 1976 N.
1209 1918 1288 1977 D.
1314 1917 1447 1989 LT.‚
1468 1918 1567 1975 ubi
1598 1918 1668 1975 de
1698 1917 1953 1976 Cleome-

266 2017 343 2055 ne
388 1997 856 2056 LacedaemoniO.
904 2042 916 2055 .
959 2043 972 2056 .
1015 2043 1028 2055 .
1076 1999 1248 2056 Maii
1297 2006 1466 2057 vett.
1513 1999 1950 2077 interpretes

269 2078 597 2156 Vergilii,
617 2101 671 2159 p
697 2087 770 2137 45
804 2080 890 2139 ed.
914 2079 1143 2138 Mediol,
