2205 3431
450 123 590 172 LIB.
618 123 714 185 11.,
737 122 893 172 CAP.
922 121 1524 185 XXXIV.-XXXVII.‚
1551 123 1579 183 ἓ
1604 125 1783 173 88-93.
1901 126 1965 173 79

279 244 410 282 mus
429 232 694 302 aspectus
713 224 917 283 mundi
938 225 1391 296 conturbaverat,
1411 233 1627 303 postea,
1645 245 1775 283 cum
1798 226 1967 282 vidis-

280 312 408 362 sent
435 312 630 363 motus
664 305 787 362 eius
814 304 1009 362 finitos
1043 313 1102 363 et
1130 305 1454 382 aequabiles
1488 305 1794 383 omniaque
1828 306 1965 362 ratis

280 385 579 443 ordinibus
606 385 903 442 moderata
924 385 1384 462 immutabilique
1407 386 1730 443 constantia
1750 385 1967 443 intelle-

278 484 411 541 gere
446 466 629 523 inesse
671 465 921 542 aliquem
964 485 1082 522 non
1126 466 1311 523 solum
1346 464 1729 522 habitatorem
1761 465 1823 522 in
1856 465 1963 522 hac

279 545 507 603 caelesti
541 564 607 603 ac
640 546 837 602 divina
869 546 1061 617 dom0‚
1093 545 1196 603 sed
1229 546 1402 602 ctiam
1441 553 1720 602 rectorem
1754 552 1814 602 et
1844 564 1966 602 mo·

278 625 602 683 deratorem
631 634 689 683 et
718 633 1013 702 tamquam
1043 625 1421 683 architectum
1450 625 1599 682 tanti
1629 625 1816 702 operis
1842 631 1966 682 tan-

278 705 439 781 tique
480 706 746 763 muneris.
833 705 1122 764 XXXVI.
1161 706 1330 763 Nunc
1364 712 1554 763 autem
1591 704 1736 762 mihi
1772 704 1966 762 viden-

277 792 373 842 tur
398 804 471 842 ne
500 786 773 862 suspicari
803 786 1037 862 quidem
1067 793 1283 863 quanta
1310 786 1385 843 sit
1407 784 1818 843 admirabilitas
1845 804 1966 842 cae-

276 863 506 922 lestium
536 885 724 922 rerum
753 873 924 943 atque
951 866 1323 923 terrestrium.

359 950 452 1002 91.
484 945 778 1022 Principio
808 945 963 1003 enim
991 953 1141 1004 terra
1169 946 1279 1003 sita
1307 946 1366 1002 in
1396 945 1588 1003 media
1613 951 1774 1021 parte
1802 964 1965 1001 mun-

276 1024 339 1081 di
357 1025 702 1082 circumfusa
721 1026 976 1102 undique
999 1033 1085 1083 est
1102 1025 1210 1083 hac
1231 1025 1461 1083 animali
1482 1024 1848 1102 spirabilique
1869 1044 1964 1081 na-

276 1112 421 1174 tura,
452 1106 544 1162 cui
579 1124 788 1163 nomen
825 1114 912 1163 est
946 1110 1061 1176 aer,
1085 1105 1368 1163 Graecum
1402 1106 1547 1163 illud
1582 1105 1831 1182 quidem,
1864 1105 1963 1161 sed

275 1192 611 1261 perceptum
633 1185 747 1242 iam
771 1193 964 1243 tamen
993 1206 1100 1243 usu
1129 1206 1165 1243 a
1190 1187 1434 1244 nostris:
1468 1186 1672 1244 tritum
1701 1191 1787 1242 est
1808 1185 1962 1242 enim

275 1283 381 1340 pro
412 1264 636 1323 Latino,
714 1266 888 1323 Hunc
916 1285 1109 1323 rursus
1142 1266 1507 1343 amplectitur
1533 1266 1847 1323 immensus
1876 1284 1964 1322 ae-

276 1343 420 1415 ther,
453 1346 551 1421 qui
594 1352 819 1403 constat
852 1364 922 1402 ex
963 1346 1255 1403 altissimis
1296 1346 1542 1422 ignibus,
1628 1345 1961 1403 Mutuemur

276 1423 386 1481 hoc
423 1444 649 1502 quoque
677 1425 915 1483 verbum
950 1426 1285 1503 dicaturque
1319 1437 1440 1483 tam
1476 1427 1510 1453 ‘⁴
1530 1425 1725 1483 aether
1743 1424 1776 1452 '⁷
1813 1425 1964 1482 Lati-

276 1523 365 1575 ne,
395 1524 565 1582 quam
598 1506 809 1563 dicitur
836 1512 951 1578 aer,
976 1506 1083 1563 etsi
1111 1507 1517 1583 interpretatur
1535 1505 1859 1563 Pacuvius:

304 1649 435 1711 Hoc,
455 1649 589 1713 quod
616 1664 854 1712 memore,
875 1650 1030 1700 nostri
1056 1649 1266 1713 caelum,
1286 1650 1407 1700 Grai
1434 1649 1690 1713 perhibent
1716 1648 1938 1711 aethera,

276 1787 438 1864 quasi
469 1806 601 1844 vero
636 1806 754 1844 non
787 1786 994 1844 Graius
1027 1787 1138 1844 hoc
1175 1787 1343 1845 dicat.
1428 1787 1513 1844 At
1547 1786 1748 1844 Latine
1782 1761 1982 1864 loqui?

276 1874 385 1924 tur.
472 1866 535 1923 Si
579 1867 813 1945 quidem
854 1887 960 1924 nos
1001 1887 1120 1924 non
1165 1868 1325 1945 quasi
1368 1866 1581 1925 Graece
1627 1867 1961 1946 loquentem

275 1947 591 2005 audiamus,
676 1947 866 2005 Docet
894 1948 1048 2005 idem
1077 1948 1191 2005 alio
1219 1948 1381 2005 loco:

539 2085 853 2146 Graiugena:
893 2085 957 2135 de
982 2085 1107 2134 istoc
1134 2085 1293 2149 aperit
1321 2086 1428 2148 ipsa
1454 2086 1629 2135 oratio,

276 2228 369 2280 92.
407 2222 523 2280 Sed
551 2222 625 2279 ad
653 2223 873 2279 maiora
898 2222 1214 2281 redeamus,
1299 2222 1387 2279 Ex
1416 2222 1642 2281 aethere
1671 2223 1850 2300 igitur
1877 2224 1961 2281 in-

272 2301 653 2360 numerabiles
686 2302 949 2360 fiammae
984 2303 1234 2360 siderum
1270 2303 1567 2374 exsistunt,
1595 2322 1837 2380 quorum
1873 2312 1961 2362 est

272 2383 539 2460 princeps
568 2382 651 2439 sol
681 2383 877 2440 omnia
904 2382 1215 2440 clarissima
1235 2382 1360 2440 luce
1388 2382 1739 2454 collustrans,
1761 2384 1959 2441 multis

273 2462 530 2539 partibus
563 2463 746 2520 maior
777 2470 950 2540 atque
990 2463 1237 2539 amplior
1270 2482 1440 2540 quam
1474 2470 1625 2520 terra
1666 2464 1956 2522 universa:

272 2542 482 2599 deinde
510 2542 727 2619 reliqua
755 2543 940 2600 sidera
961 2542 1456 2619 magnitudinibus
1477 2543 1787 2601 immensis.
1852 2545 1959 2601 At-

273 2642 384 2699 que
413 2622 475 2679 hi
503 2623 652 2680 tanti
681 2623 844 2699 ignes
871 2632 1107 2699 tamque
1135 2622 1303 2680 multi
1334 2642 1448 2679 non
1478 2622 1654 2679 modo
1684 2623 1828 2680 nihil
1859 2643 1958 2680 no-

272 2709 405 2759 cent
432 2703 597 2760 terris
630 2703 912 2780 rebusque
945 2703 1323 2774 terrestribuS‚
1350 2702 1449 2760 sed
1480 2703 1560 2759 ita
1587 2710 1846 2779 prosunt,
1871 2712 1953 2773 ut,

272 2782 322 2838 si
343 2789 503 2839 mota
523 2782 651 2840 loco
681 2783 812 2854 sint,
833 2782 1182 2859 conflagrare
1209 2791 1386 2840 terras
1415 2801 1641 2839 necesse
1671 2783 1746 2840 sit
1774 2801 1808 2840 a
1835 2790 1957 2840 tan-

272 2862 349 2918 tis
376 2862 674 2919 ardoribus
701 2863 1094 2920 moderatione
1125 2869 1183 2919 et
1211 2862 1623 2938 temperatione
1654 2861 1890 2921 sublata.

354 2942 673 3001 XXXVII.
733 2948 825 3000 93.
851 2943 967 3001 Hic
989 2962 1097 3019 ego
1121 2962 1237 2999 non
1260 2943 1432 2999 mirer
1459 2961 1578 3000 esse
1609 2962 1953 3019 quemquam

275 3021 375 3098 qui
398 3021 507 3078 sibi
528 3023 863 3098 persuadeat
891 3042 1131 3099 corpora
1160 3022 1439 3099 quaedam
1469 3022 1650 3079 solida
1678 3029 1848 3098 atque
1871 3023 1954 3079 in-

273 3101 512 3159 dividua
537 3102 594 3158 vi
622 3109 681 3159 et
707 3103 986 3178 gravitate
1014 3103 1151 3159 ferri
1184 3102 1580 3178 mundumque
1614 3101 1760 3159 effici
1794 3122 1954 3159 orna-

274 3181 563 3240 tissimum
596 3189 655 3240 et
682 3182 1127 3260 pulcherrimum
1155 3201 1224 3240 ex
1253 3201 1450 3240 eorum
1485 3201 1785 3258 corporum
1824 3201 1954 3239 con·

2035 3270 2134 3330 s
