2205 3431
243 125 336 171 198
761 121 859 170 DE
898 121 1328 171 D1V1NAT10N
1337 121 1396 170 E.

240 243 333 281 am
378 223 493 280 mci
538 223 690 280 cives
732 222 822 280 vel
866 223 1109 300 gratiam
1156 223 1349 299 potius
1394 221 1703 294 habebunt,
1749 223 1926 300 quod,

239 323 371 360 cum
406 310 553 360 esset
585 303 647 360 in
680 303 852 360 unius
879 309 1166 380 potestate
1198 321 1287 359 res
1321 301 1566 378 publica,
1598 322 1783 379 neque
1816 322 1928 379 ego

237 402 331 440 me
380 383 575 440 abdidi
626 402 812 459 neque
860 383 1083 440 deserui
1132 402 1317 458 neque
1366 381 1563 439 adflixi
1612 402 1797 459 neque
1845 384 1929 440 ita

237 464 388 540 gessi
446 463 605 540 quasi
655 463 880 519 homini
935 469 1037 520 aut
1089 462 1449 538 temporibus
1503 462 1683 519 iratus
1740 481 1927 539 neque

237 563 409 620 porro
445 544 525 600 ita
558 550 657 600 aut
690 542 952 600 adulatus
985 550 1085 600 aut
1119 542 1433 599 admiratus
1466 542 1760 600 fortunam
1796 562 1923 599 sum

236 623 485 694 alteriuS,
517 629 582 679 ut
615 642 707 679 me
748 641 909 679 meae
942 623 1279 700 paeniteret.
1366 621 1437 679 Id
1469 622 1624 679 enim
1658 622 1848 699 ipsum
1891 642 1927 679 a

236 702 478 760 Platone
534 701 1013 780 philosophiaque
1075 701 1406 772 didiceram,
1458 701 1741 758 naturales
1802 721 1925 759 esse

237 782 512 859 quasdam
542 782 938 839 conversiones
965 801 1156 839 rerum
1177 781 1551 858 publicarum,
1577 789 1642 838 ut
1670 800 1767 838 eae
1794 787 1924 838 tum

235 881 270 918 a
297 862 654 938 principibus
688 868 1033 933 tenerentur,
1059 869 1185 919 tum
1221 880 1255 918 a
1280 860 1528 938 populiS,
1554 860 1861 938 aliquando
1890 881 1926 918 a

235 940 490 1017 singulis,
579 942 630 998 7.
676 941 847 1010 Quod
875 961 1006 998 cum
1041 941 1342 998 accidisset
1370 948 1597 998 nostrae
1630 941 1713 997 rei
1738 940 1925 1017 publi-

234 1039 349 1091 cae,
370 1028 492 1077 tum
524 1021 779 1098 pristinis
808 1020 992 1078 orbati
1022 1020 1353 1078 muneribus
1375 1020 1515 1077 haec
1544 1020 1735 1078 studia
1761 1040 1925 1078 reno-

234 1120 364 1157 vare
409 1103 720 1177 coepimuS,
757 1107 823 1158 ut
866 1107 926 1158 et
966 1102 1193 1157 animus
1237 1100 1516 1157 molestiis
1548 1100 1656 1157 hac
1695 1100 1926 1176 potissi-

232 1199 394 1236 mum
422 1199 482 1237 re
504 1181 783 1238 levaretur
811 1188 868 1238 et
896 1181 1295 1257 prodessemus
1323 1179 1541 1237 civibus
1568 1180 1781 1236 nostris
1809 1198 1924 1257 qua

233 1279 291 1316 re
322 1268 565 1337 cumque
594 1279 907 1337 possemus.
994 1260 1063 1317 In
1094 1259 1255 1317 libris
1284 1260 1437 1316 enim
1468 1259 1809 1317 sententiam
1839 1260 1924 1316 di-

233 1340 517 1411 cebamus,
543 1339 1032 1411 contionabamur,
1053 1339 1479 1416 philosophiam
1508 1338 1677 1396 nobis
1703 1358 1810 1415 pro
1839 1340 1924 1397 rei

232 1419 493 1496 publicae
515 1420 914 1497 procuratione
937 1420 1303 1477 substitutam
1327 1419 1685 1496 putabamus.
1730 1419 1788 1475 N
1789 1439 1919 1491 unc,

234 1500 504 1575 quoniam
541 1500 612 1557 de
656 1519 713 1556 re
749 1500 980 1576 publica
1020 1499 1241 1557 consuli
1275 1499 1466 1576 coepti
1501 1518 1713 1570 sumuS,
1744 1499 1924 1556 tribu-

231 1578 380 1636 enda
420 1587 507 1636 est
549 1598 722 1657 opera
762 1580 843 1636 rei
875 1578 1138 1655 publicae
1170 1579 1259 1637 vel
1303 1578 1491 1635 omnis
1523 1579 1718 1655 potius
1751 1578 1811 1635 in
1855 1598 1924 1636 ea

231 1659 508 1736 cogitatio
544 1668 602 1718 et
635 1679 770 1717 cura
798 1660 1080 1738 ponenda,
1106 1665 1333 1717 tantum
1363 1658 1498 1715 huic
1532 1658 1725 1717 studio
1755 1658 1923 1717 relin-

232 1740 543 1816 quendum,
577 1746 855 1817 quantum
890 1740 1116 1797 vacabit
1149 1759 1183 1796 a
1216 1739 1447 1817 publico
1483 1738 1673 1796 officio
1706 1746 1766 1796 et
1796 1758 1923 1797 mu-

230 1838 380 1876 nere.
467 1819 582 1876 Sed
616 1820 754 1877 haec
788 1820 926 1877 alias
959 1819 1253 1896 pluribus:
1298 1838 1451 1876 nunc
1485 1819 1560 1876 ad
1592 1819 1920 1877 institutam

231 1899 681 1974 disputationem
712 1907 1074 1957 revertamur.

311 1977 417 2035 III.
469 1984 519 2035 8.
566 1977 718 2035 Nam
763 1999 894 2036 cum
937 1979 1009 2036 de
1054 1978 1408 2036 divinatione
1452 1978 1702 2047 Quintus
1741 1979 1922 2037 frater

230 2077 298 2114 ea
331 2058 704 2129 disseruisset,
737 2078 882 2135 quae
917 2060 1207 2135 superiore
1237 2059 1381 2116 libro
1416 2060 1629 2135 scripta
1662 2067 1811 2129 sunt,
1837 2078 1922 2116 sa-

229 2138 419 2214 tisque
448 2138 804 2196 ambulatum
827 2138 1130 2210 videretur,
1151 2147 1278 2196 tum
1305 2139 1366 2195 in
1387 2137 1750 2208 bibliotheca,
1774 2158 1920 2215 quae

230 2218 290 2274 in
327 2218 504 2294 Lycio
539 2225 640 2290 est,
673 2218 1015 2276 adsedimus,
1101 2218 1298 2296 Atque
1339 2236 1481 2294 ego:
1526 2217 1810 2275 Accurate
1852 2227 1919 2277 tu

231 2298 481 2374 quidem,
507 2299 760 2375 inquam,
782 2297 1013 2369 Quinte,
1039 2305 1097 2355 et
1127 2297 1318 2355 Stoice
1342 2297 1666 2355 Stoicorum
1697 2305 1921 2355 Senten-

230 2379 371 2434 tiam
400 2378 729 2449 defendisti,
756 2378 1025 2454 quodque
1058 2397 1153 2435 me
1181 2378 1430 2435 maxime
1459 2376 1719 2449 delectat,
1744 2378 1920 2454 pluri-

228 2458 339 2513 mis
379 2458 591 2515 nostris
624 2458 901 2535 exemplis
935 2478 1070 2515 usus
1105 2477 1165 2515 es
1199 2465 1256 2515 et
1289 2458 1359 2514 iis
1393 2457 1625 2535 quidem
1662 2458 1824 2514 claris
1858 2465 1920 2516 et

226 2537 557 2596 illustribus,
642 2537 971 2595 Dicendum
1013 2545 1099 2595 cst
1141 2537 1289 2594 mihi
1322 2538 1501 2613 igitur
1542 2537 1617 2593 ad
1657 2556 1737 2608 ea,
1770 2557 1918 2614 quae

228 2623 361 2674 sunt
403 2637 435 2674 a
469 2625 527 2675 te
560 2618 730 2689 dicta,
763 2618 864 2675 sed
897 2618 993 2689 ita,
1025 2617 1170 2674 nihil
1204 2624 1270 2674 ut
1303 2616 1616 2688 adfirmem,
1649 2636 1917 2693 quaeram

228 2698 438 2768 omnia,
474 2698 745 2755 dubitans
791 2697 1130 2775 plerumque
1175 2704 1233 2754 et
1275 2697 1421 2754 mihi
1464 2697 1587 2773 ipse
1631 2696 1913 2756 diffidens.

228 2776 292 2834 Si
337 2777 489 2833 enim
536 2777 754 2854 aliquid
798 2777 939 2835 certi
983 2777 1252 2834 haberem
1299 2777 1456 2853 quod
1500 2777 1765 2847 dicerem,
1805 2796 1918 2854 ego

226 2856 352 2932 ipse
385 2856 718 2927 divinarem,
744 2858 843 2934 qui
872 2877 993 2915 esse
1022 2856 1437 2914 divinationem
1464 2876 1630 2933 nego,
1721 2863 1772 2914 9.
1818 2856 1920 2916 Et-

228 2935 381 2991 enim
437 2953 529 2991 me
584 2944 779 2994 movet
828 2937 985 3006 illud,
1033 2937 1190 3013 quod.
1237 2937 1297 2992 in
1345 2937 1547 3013 primis
1595 2936 1919 2995 Carneades

230 3031 494 3088 quaerere
537 3013 771 3082 solebat,
804 3035 1179 3091 quarumnam
1213 3035 1401 3073 rerum
1437 3016 1715 3073 divinatio
1749 3025 1916 3089 esset,

229 3109 515 3160 earumne,
548 3110 692 3167 quae
726 3094 984 3150 sensibus
1011 3096 1474 3170 perciperentur?
1554 3095 1639 3153 At
1667 3115 1761 3153 eas
1795 3098 1919 3174 qui-

230 3169 360 3225 dem
397 3170 697 3236 cernimuS‚
729 3170 1008 3243 audimUS,
1039 3181 1354 3248 gustamuS,
1388 3175 1707 3247 olfacimuS,
1732 3178 1919 3253 tangi·
