2205 3431
248 109 342 156 258
914 104 1014 153 DE.
1045 104 1251 155 FATO.

245 206 371 262 loco
406 204 765 281 Chrysippus
803 212 1066 261 aestuans
1101 205 1228 262 falli
1264 213 1453 282 sperat
1486 206 1804 265 Chaldaeos
1841 228 1927 267 ce·

244 292 509 361 terosque
548 283 773 340 divinos
813 303 999 360 neque
1037 304 1135 342 eos
1172 304 1373 343 usuros
1415 305 1534 343 esse
1576 288 1927 344 coniunctio·

242 363 428 434 nibus,
450 370 514 419 ut
536 363 616 420 ita
645 382 745 420 sua
766 371 1034 440 percepta
1055 365 1432 440 pronuntient,
1463 367 1496 392 “
1515 365 1577 423 Si
1602 367 1729 443 quis
1757 375 1926 424 natus

243 451 329 501 est
374 442 591 500 oriente
626 442 913 510 Canicula,
950 444 999 499 is
1032 445 1091 500 in
1134 445 1280 501 mari
1311 464 1431 502 non
1462 446 1793 517 morietur,'’
1824 448 1926 504 sed

243 523 436 599 potius
464 523 546 579 ita
574 522 767 580 dicant
803 523 836 549 ‘⁶
857 522 912 578 N
916 543 988 579 on
1020 531 1077 580 et
1107 530 1275 580 natus
1303 532 1389 581 est
1419 526 1546 601 quis
1575 526 1792 583 oriente
1822 526 1926 583 Ca-

241 603 446 673 nicula,
471 609 528 659 et
557 603 604 659 is
633 603 691 658 in
726 603 871 660 mari
904 602 1233 660 morietur.''
1318 604 1371 662 O
1400 604 1690 661 licentiam
1718 606 1928 662 iocula-

241 682 400 740 rem!
482 682 572 739 Ne
616 682 745 759 ipse¹
786 682 1001 739 incidat
1044 683 1106 738 in
1151 683 1495 754 Diodorum,
1540 684 1711 742 docet
1758 685 1927 742 Chal-

242 761 414 818 daeos
463 781 576 838 qno
625 768 796 838 pacto
846 781 944 818 eos
993 781 1275 838 exponere
1323 771 1593 840 percepta
1641 771 1922 841 oporteat.

241 840 464 908 Quaero
499 842 669 910 enim,
706 841 753 897 si
787 841 1060 899 Chaldaei
1094 843 1176 899 ita
1210 842 1531 919 loquantur,
1565 850 1631 901 ut
1670 846 1927 918 negatio-

240 939 341 976 nes
375 919 725 977 infinitarum
760 922 1231 978 coniunctionum
1265 923 1460 998 potius
1494 942 1665 999 quam
1700 923 1927 982 infinita

240 1018 455 1056 conexa
481 1008 716 1076 ponant,
748 1020 848 1058 cur
879 1001 1033 1057 idem
1063 1002 1290 1071 medici,
1323 1022 1424 1059 cur
1449 1009 1792 1079 geometrae,
1824 1023 1927 1061 cur

240 1080 443 1157 reliqui
470 1081 655 1137 facere
683 1100 800 1136 non
829 1081 1089 1157 possint?
1151 1081 1408 1139 Medicus
1437 1083 1495 1139 in
1524 1083 1743 1159 primiS,
1767 1084 1926 1160 quod

240 1160 348 1216 erit
381 1160 432 1217 ei
462 1169 822 1236 perspectum
852 1161 911 1216 in
946 1168 1081 1230 arte,
1107 1180 1224 1217 non
1257 1162 1341 1219 ita
1367 1169 1653 1238 proponet
1683 1162 1795 1219 “Si
1830 1164 1924 1221 cui

240 1258 415 1296 venae
445 1240 524 1295 sic
554 1247 869 1310 moventur,
894 1240 944 1296 is
971 1239 1145 1298 habet
1172 1240 1448 1312 febrem,''
1479 1242 1577 1299 sed
1600 1243 1795 1318 potius
1823 1242 1924 1300 illo

238 1319 415 1375 modo
447 1320 479 1346 ‘⁴
500 1319 555 1375 N
559 1338 631 1375 on
664 1320 715 1376 ei
743 1339 917 1376 venae
951 1320 1033 1376 sic
1059 1329 1366 1378 moventur
1392 1327 1451 1378 et
1478 1322 1527 1379 is
1554 1322 1776 1379 febrem
1804 1342 1922 1379 non

239 1397 466 1456 habet.''
560 1399 822 1476 Itemque
881 1408 1203 1475 geometres
1262 1420 1380 1457 non
1442 1402 1524 1459 ita
1583 1402 1737 1459 dicet
1798 1404 1832 1429 “
1853 1402 1923 1460 In

240 1478 476 1553 sphaera
519 1479 755 1535 maximi
800 1479 964 1536 orbes
1008 1480 1187 1537 medii
1233 1480 1384 1538 inter
1431 1501 1489 1539 se
1530 1481 1921 1552 dividuntur,”

239 1558 338 1615 sed
367 1559 560 1635 potius
588 1558 687 1615 illo
719 1559 896 1616 modo
932 1559 965 1585 ‘⁴
985 1559 1043 1615 N
1045 1579 1120 1616 on
1155 1567 1213 1617 et
1241 1568 1374 1617 sunt
1401 1561 1462 1617 in
1496 1561 1734 1638 sphaera
1766 1581 1924 1618 max·

237 1638 341 1694 imi
397 1638 562 1695 orbes
617 1646 674 1695 et
720 1639 763 1696 ii
811 1658 930 1695 non
984 1639 1161 1697 medii
1216 1640 1365 1697 inter
1420 1660 1479 1698 se
1528 1641 1920 1699 dividuntur.’'

242 1724 331 1776 16.
377 1719 531 1787 Quid
565 1727 650 1776 est
684 1720 839 1796 quod
874 1739 989 1776 non
1024 1721 1207 1796 possit
1234 1721 1347 1777 isto
1387 1722 1565 1779 modo
1600 1741 1667 1778 ex
1702 1741 1923 1780 conexo

236 1800 529 1856 transferri
571 1800 644 1856 ad
685 1800 1156 1856 coniunctionum
1200 1802 1601 1877 negationem?
1681 1801 1759 1859 Et
1801 1803 1923 1879 qui-

236 1878 368 1934 dem
397 1879 521 1936 aliis
549 1879 737 1935 modis
765 1879 991 1936 easdem
1020 1899 1110 1936 res
1137 1881 1336 1937 efferre
1358 1900 1675 1957 possumus,
1739 1881 1922 1939 Modo

236 1958 356 2014 dixi
392 1957 426 1987 ‘⁶
445 1957 513 2014 In
548 1958 786 2035 sphaera
818 1960 1055 2015 maximi
1089 1959 1255 2016 orbes
1287 1961 1463 2017 medii
1497 1961 1646 2018 inter
1687 1980 1746 2018 se
1780 1961 1922 2018 divi-

235 2037 452 2094 duntur
470 2037 519 2094 :'’
555 2057 787 2114 possum
823 2039 1010 2096 dicere
1047 2039 1162 2095 “Si
1197 2041 1257 2096 in
1292 2040 1530 2116 sphaera
1563 2040 1798 2097 maximi
1834 2060 1922 2098 or-

234 2117 333 2174 bes
361 2117 580 2189 erunt,’'
610 2137 846 2194 possum
874 2118 1061 2176 dicere
1092 2119 1295 2187 “Quia
1322 2120 1380 2176 in
1417 2120 1654 2196 sphaera
1681 2121 1921 2178 maximi

235 2197 400 2254 orbes
428 2197 647 2255 erunt.''
730 2197 915 2255 Multa
940 2217 1151 2274 genera
1179 2206 1312 2256 sunt
1340 2200 1676 2256 enuntiandi
1703 2219 1808 2256 nec
1840 2200 1922 2256 ul·

235 2277 353 2334 lum
409 2278 705 2335 distortius
754 2297 925 2354 quam
975 2277 1101 2350 hoc,
1149 2299 1264 2356 quo
1319 2279 1680 2356 Chrysippus
1729 2288 1920 2357 sperat

232 2357 550 2414 Chaldaeos
577 2365 877 2414 contentos
906 2357 1232 2415 Stoicorum
1260 2378 1429 2415 causa
1454 2359 1594 2416 fore.

316 2437 419 2494 IX.
509 2438 599 2495 17.
638 2437 877 2493 Illorum
911 2444 1107 2494 tamen
1142 2457 1311 2494 nemo
1342 2438 1424 2494 ita
1450 2438 1737 2515 loquitur:
1780 2441 1921 2496 mai-

231 2536 299 2573 us
333 2524 420 2573 est
453 2517 605 2574 enim
642 2517 743 2572 has
776 2517 1168 2574 contortiones
1207 2518 1481 2575 orationis
1519 2537 1688 2595 quam
1731 2519 1921 2592 signo·

231 2615 359 2653 rum
394 2604 552 2653 ortus
586 2595 890 2672 obitusque
923 2597 1257 2672 perdiscere.
1343 2597 1458 2654 Sed
1492 2598 1565 2654 ad
1593 2597 1746 2654 illam
1777 2598 1921 2655 Di<-

231 2676 357 2732 dori
413 2676 857 2746 contentionem,
904 2695 1073 2752 qnam
1130 2679 1247 2750 περὶ
1304 2675 1551 2733 δυνατῶν
1606 2676 1915 2754 appellant,

230 2762 591 2828 revertamur,
623 2756 681 2811 in
719 2775 831 2830 qua
872 2755 1011 2832 quid
1044 2756 1227 2813 valeat
1260 2758 1338 2827 id,
1372 2758 1526 2834 quod
1559 2756 1681 2814 ficri
1714 2758 1915 2834 possit,

230 2835 566 2910 anquiritur.
652 2835 849 2891 Placet
897 2836 1076 2910 igitur
1119 2835 1382 2893 Diodoro
1438 2837 1499 2894 id
1559 2837 1744 2893 solum
1792 2836 1917 2896 fieri

230 2931 413 2988 posse,
452 2913 606 2988 quod
650 2921 748 2969 aut
775 2933 972 2970 verum
1017 2916 1092 2971 sit
1137 2923 1236 2971 aut
1278 2935 1471 2973 verum
1515 2916 1774 2973 futurum
1822 2918 1913 2975 sit.

232 2991 345 3058 Qui
373 2990 531 3047 locus
559 2992 794 3066 attingit
824 2993 969 3049 hanc
999 2995 1408 3069 quaestionem,
1434 2995 1576 3051 nihil
1606 2995 1728 3053 fieri
1758 2997 1917 3073 quod

231 3088 348 3124 non
392 3087 618 3125 necesse
662 3071 853 3140 fuerit,
886 3079 958 3141 et,
993 3074 1275 3149 quidquid
1318 3075 1440 3132 fieri
1481 3077 1680 3152 possit,
1713 3076 1774 3133 id
1815 3085 1917 3134 aut

232 3165 352 3202 esse
381 3146 495 3201 iam
530 3154 628 3203 aut
654 3147 916 3204 futurum
950 3169 1086 3221 esse,
1118 3171 1222 3210 nec
1256 3155 1440 3229 magis
1473 3156 1816 3213 commutari
1844 3176 1915 3215 cx
