2205 3431
856 86 1385 136 ARGUMENTUM.
1931 88 1964 133 3

278 189 488 238 deorum
521 202 620 235 non
648 187 933 246 habeamus,
953 186 1132 235 deinde
1166 186 1300 248 quod
1327 187 1546 234 humana
1573 187 1733 234 forma
1766 187 1830 234 sit
1856 186 1964 248 pul-

278 254 539 311 cherrima,
562 252 707 301 tertio
730 253 862 314 quod
886 253 937 299 in
960 252 1059 299 alia
1084 251 1221 299 nulla
1247 252 1408 311 figura
1441 251 1745 306 domicilium
1780 253 1964 300 mentis

278 335 388 369 esse
406 316 573 381 possit.
630 318 811 380 Neque
826 327 991 365 tamen
1010 332 1120 365 eam
1143 318 1355 379 speciem
1375 332 1551 379 corpus
1570 332 1692 375 esse,
1713 317 1800 364 sed
1823 319 1963 379 quasi

279 400 475 447 corpus,
495 396 704 445 eamque
722 398 820 430 non
844 398 1004 441 sensu,
1028 383 1113 430 sed
1134 392 1300 430 mente
1318 383 1469 442 cerni,
1490 398 1581 430 nec
1602 383 1851 430 soliditate
1873 397 1964 430 nec

278 451 345 498 ad
374 463 649 506 numerum,
669 448 757 496 sed
785 448 1081 508 imaginibus
1112 449 1434 495 similitudine
1461 459 1510 495 et
1540 448 1829 495 transitione
1855 463 1964 509 per-

280 517 452 578 ceptis.
527 514 700 560 Vitam
728 522 895 561 autem
923 513 1129 561 deorum
1164 528 1270 561 esse
1305 513 1638 560 beatissimam
1667 522 1716 560 et
1739 513 1965 560 omnibus

279 581 423 629 bonis
446 579 778 627 adfluentem:
818 579 940 625 nihil
969 579 1102 626 enim
1131 593 1291 638 agere,
1315 594 1404 625 sua
1432 579 1610 626 virtute
1644 588 1695 626 et
1725 579 1967 639 supientia

280 646 497 706 gaudere
519 655 570 694 et
595 645 771 692 habere
794 643 1107 706 exploratum
1131 644 1237 692 fore
1260 659 1311 690 se
1335 659 1527 705 semper
1550 644 1597 690 in
1625 643 1858 690 maximis
1882 658 1967 690 vo-

281 711 570 774 luptatibus,
591 725 697 771 cap.
724 711 898 768 18-20,
920 707 948 766 ᾗ
973 710 1150 757 46-50.
1228 709 1323 756 His
1346 710 1584 771 expositis
1608 718 1779 755 contra
1801 708 1965 769 dispu-

282 785 357 824 tat
386 777 549 837 Cotta,
571 790 668 823 non
702 786 759 823 ut
784 775 970 836 aliquid
1002 775 1107 836 ipse
1136 774 1381 829 decernat,
1398 774 1485 822 sed
1515 783 1568 821 ut
1594 775 1835 834 Epicurea
1868 775 1968 821 dis-

282 841 459 900 solvat,
480 855 639 903 neque
661 840 794 902 quod
821 849 968 900 neget
992 854 1098 888 esse
1127 840 1260 897 deos,
1285 839 1371 888 sed
1398 839 1531 902 quod
1558 841 1818 899 rationem,
1841 853 1967 900 quae

282 907 552 964 adferatur,
573 906 766 953 firmam
806 918 904 952 non
940 913 1092 966 putet.
1172 905 1305 952 Nam
1345 913 1708 964 argumentum,
1738 904 1870 966 quod
1903 905 1967 951 ab

281 973 505 1020 omniurn
543 971 799 1019 hominum
834 971 1077 1018 consensu
1117 979 1329 1032 petatur,
1355 986 1468 1018 cum
1503 970 1607 1017 leve
1646 984 1732 1030 per
1773 985 1825 1017 se
1859 979 1968 1017 tum

281 1039 434 1086 etiam
457 1038 633 1085 falsum
657 1051 779 1096 esse,
800 1051 904 1097 cap.
927 1038 1106 1096 21-23,
1127 1035 1154 1093 ξ
1174 1037 1352 1084 57-64.
1409 1035 1506 1084 Sed
1530 1036 1648 1083 deos
1666 1050 1771 1083 esse
1795 1049 1969 1082 conce-

284 1104 335 1151 di
359 1117 528 1165 posse:
563 1101 684 1149 illud
707 1101 871 1150 doceri
895 1115 946 1148 se
965 1101 1105 1158 velle,
1127 1101 1256 1149 unde
1279 1101 1394 1160 sint,
1415 1101 1497 1148 ubi
1522 1101 1635 1159 sint,
1657 1100 1823 1162 quales
1848 1100 1961 1158 sint,

282 1169 349 1216 ad
364 1182 489 1230 quae
506 1167 674 1215 omnia.
695 1169 873 1214 atomis
891 1167 1027 1214 abuti
1045 1166 1330 1227 Epicureos,
1349 1181 1472 1228 quas
1498 1175 1643 1224 negat
1663 1166 1822 1226 primo
1841 1165 1967 1213 ullas

282 1249 408 1292 esse,
429 1233 560 1296 quod
588 1232 751 1279 nullus
787 1233 851 1280 sit
884 1232 1168 1293 corporibus
1192 1246 1375 1279 vacuus
1399 1231 1548 1289 locus,
1566 1231 1759 1290 deinde,
1780 1231 1819 1277 si
1849 1231 1961 1290 sint,

283 1299 411 1347 effici
436 1307 490 1345 ut
512 1299 700 1346 aeterni
724 1298 774 1344 di
802 1312 901 1345 non
930 1298 1031 1345 sint
1057 1306 1108 1345 et
1131 1297 1328 1345 interire
1352 1297 1556 1358 possint,
1577 1311 1675 1357 quo
1699 1296 1969 1343 constituto

282 1363 639 1412 beatitudinem
669 1363 874 1410 deorum
902 1362 1023 1410 tolli.
1097 1362 1183 1410 Ad
1207 1362 1333 1409 hanc
1359 1362 1788 1422 reprehensionem
1810 1361 1967 1408 vitan-

283 1430 404 1476 dam
429 1430 571 1491 quasi
600 1443 775 1490 corpus
800 1437 849 1476 et
878 1428 1019 1490 quasi
1055 1428 1347 1487 sanguinem
1382 1427 1666 1486 excogitata
1700 1441 1821 1486 esse,
1843 1441 1968 1488 quae

284 1495 405 1556 quid
421 1496 518 1542 sint
536 1494 783 1542 neminem
798 1507 939 1555 posse
956 1493 1251 1551 intellegere,
1266 1507 1371 1553 cap.
1395 1495 1572 1550 23-26,
1590 1491 1616 1550 ἓ
1635 1494 1810 1540 65-74.
1850 1492 1969 1550 Qui-

283 1561 376 1607 bus
410 1568 578 1607 autem
600 1559 872 1606 rationibus
897 1559 1114 1605 hnmana
1136 1558 1297 1605 forma
1322 1557 1397 1605 dis
1426 1558 1730 1616 adsumatur,
1751 1572 1834 1605 eas
1858 1557 1968 1603 nul-

284 1626 387 1673 lam
420 1625 520 1672 vim
559 1625 753 1672 habere.
834 1624 968 1672 Nam
1005 1623 1138 1685 quod
1176 1637 1349 1671 omnes
1383 1622 1484 1670 fere
1520 1623 1743 1669 homines
1777 1631 1971 1685 praeter

283 1691 557 1753 Aegyptios
580 1699 630 1740 et
653 1703 832 1753 paucas
851 1689 952 1737 fere
975 1689 1096 1737 alias
1120 1698 1308 1749 genteS,
1328 1704 1438 1737 eam
1456 1688 1664 1736 somnam
1684 1688 1761 1736 dis
1785 1689 1969 1749 cogita.-

283 1758 420 1804 tione
443 1756 715 1816 adfingant,
736 1756 787 1803 id
809 1770 907 1802 non
933 1770 964 1801 a
986 1763 1164 1802 natura
1185 1769 1292 1803 esse
1316 1756 1603 1816 profectum,
1629 1755 1716 1803 sed
1743 1765 1829 1803 aut
1852 1770 1966 1803 con-

283 1822 395 1870 silio
421 1821 636 1869 hnmano
664 1830 751 1868 aut
785 1821 1117 1882 superstitioni
1144 1836 1176 1867 a
1196 1821 1480 1883 pictoribuS,
1501 1821 1672 1882 poetis,
1697 1822 1965 1869 artificibus

281 1887 608 1935 confirmatae
631 1886 822 1934 deberi:
857 1900 1016 1947 neque
1033 1901 1098 1933 ex
1123 1901 1197 1945 eo,
1218 1886 1350 1948 quod
1367 1886 1643 1934 hominibus
1666 1888 1791 1934 nihil
1808 1888 1963 1935 homi-

282 1969 347 2000 ne
371 1952 620 2013 pulchrius
647 1967 752 2000 esse
769 1952 1008 2010 rideatur,
1031 1952 1262 2013 consequi
1287 1966 1340 1999 re
1358 1966 1472 1999 vera
1494 1952 1616 1999 nihil
1640 1967 1747 2000 esse
1764 1954 1966 2002 homine

282 2018 535 2081 pulchrius
557 2035 568 2065 :
609 2032 707 2064 non
727 2017 856 2065 enim
877 2017 1081 2064 dubium
1101 2031 1209 2064 esse
1231 2018 1348 2079 quin
1369 2016 1518 2064 etiam
1540 2018 1650 2065 bovi
1676 2019 1798 2066 nihil
1821 2021 1958 2072 bove.

283 2085 395 2131 cani
426 2083 547 2131 nihil
575 2097 699 2131 cane
727 2082 978 2144 pulchrius
1002 2083 1239 2130 videatur.
1317 2083 1546 2145 Denique
1574 2084 1814 2132 incertum
1845 2085 1967 2132 illud

283 2164 406 2208 esse,
427 2148 561 2211 quod
588 2162 831 2210 nusquam
857 2147 953 2194 nisi
979 2147 1031 2194 in
1057 2148 1219 2205 figura
1243 2147 1460 2195 humana
1488 2150 1615 2196 ratio
1645 2159 1792 2211 atque
1816 2151 1967 2198 etiam

281 2214 538 2261 beatitudo
560 2213 726 2262 locum
747 2212 927 2261 habere
946 2212 1183 2261 videatur.
1240 2214 1414 2274 Neque
1438 2215 1587 2272 enim,
1613 2215 1745 2276 quod
1764 2215 1812 2261 in
1833 2216 1970 2263 nulla

282 2279 382 2326 alia
401 2279 560 2339 figura
581 2278 822 2327 rationem
846 2277 1131 2337 viderimuS,
1152 2287 1410 2341 propterea
1433 2279 1482 2325 iu
1511 2279 1649 2327 nulla
1677 2295 1783 2328 esse
1803 2295 1961 2343 posse.

283 2345 432 2403 Quod
467 2358 640 2392 sensus
674 2358 774 2391 non
808 2343 1000 2402 doceat,
1022 2343 1264 2392 rationem
1291 2345 1481 2392 docere.
1558 2346 1691 2393 Nam
1717 2345 1758 2392 si
1780 2346 1971 2393 nullum

283 2410 362 2457 dis
390 2410 658 2469 negotium,
680 2408 813 2471 quod
842 2410 1064 2456 membra
1096 2410 1316 2472 corporis
1340 2409 1543 2457 humani
1580 2411 1817 2472 requirat,
1847 2412 1971 2459 nihil

280 2475 518 2522 membris
555 2489 677 2536 opus
712 2489 834 2530 esse,
862 2489 967 2535 cap.
998 2474 1228 2533 27—37,§
1260 2478 1469 2524 75-102.
1566 2477 1677 2523 Iam
1711 2477 1761 2523 in
1797 2478 1971 2525 ceteris

280 2540 435 2587 etiam
455 2539 838 2601 quaestionibus,
861 2540 923 2587 de
940 2539 1204 2600 domicilio,
1226 2540 1288 2589 de
1305 2541 1422 2599 vit-a,
1442 2540 1504 2589 de
1526 2540 1834 2589 beatitudine
1857 2543 1971 2590 deo·

281 2620 392 2652 rum
419 2603 640 2653 laborare
659 2604 954 2667 Epicuream
979 2605 1252 2653 rationem:
1287 2606 1475 2654 nullam
1496 2606 1543 2653 in
1570 2606 1645 2653 dis
1669 2607 1970 2655 soliditatem

283 2686 390 2719 esse
419 2683 509 2718 nec
543 2670 607 2717 ad
635 2685 897 2717 numerum
925 2686 1213 2732 permanere
1241 2672 1350 2719 illos
1384 2671 1560 2730 dicere,
1583 2671 1670 2718 sed
1699 2672 1971 2732 imaginum

283 2735 610 2784 similitudine
633 2746 681 2784 et
706 2737 996 2784 transitione
1023 2737 1224 2798 percipi.
1300 2738 1409 2784 Iam
1438 2737 1479 2783 si
1513 2737 1647 2784 nulla
1675 2736 1879 2786 deorum
1909 2740 1972 2786 sit

284 2801 507 2849 soliditas
531 2809 581 2849 et
604 2801 889 2860 eminentia,
909 2802 1032 2848 nihil
1055 2802 1290 2850 interesse
1310 2813 1475 2849 utrum
1496 2802 1557 2849 de
1581 2803 1673 2849 deo
1697 2818 1759 2850 an
1784 2804 1846 2852 de
1864 2804 1972 2865 hip-

282 2875 584 2928 pocentauro
608 2868 899 2929 disputetur,
921 2867 1197 2929 meritoque
1220 2867 1338 2915 deos
1363 2867 1424 2915 ad
1451 2882 1533 2913 eas
1557 2868 1972 2916 conformationes

283 2932 471 2992 referri,
493 2934 579 2995 qui
614 2943 780 2980 motus
815 2932 985 2979 inanes
1020 2932 1342 2994 appellentur.
1417 2932 1564 2991 Quod
1598 2934 1638 2979 si
1674 2933 1971 2993 imaginibus

284 2998 495 3046 deorum
514 2999 784 3059 ,pulsentur
812 2997 978 3056 animi,
1003 3013 1309 3058 quamquam
1344 3006 1450 3044 tota
1483 3011 1561 3043 res
1595 3000 1857 3055 nugatoria
1885 2999 1965 3054 sit,

284 3073 455 3111 tamen
483 3065 669 3125 species
700 3063 964 3109 dumtaxat
991 3063 1119 3108 obici
1149 3063 1341 3118 animis,
1367 3075 1465 3107 non
1490 3075 1605 3106 vero
1633 3076 1721 3106 cur
1747 3077 1834 3107 eae
1859 3062 1970 3107 bea-

285 3138 367 3175 tae
394 3129 494 3176 sint
526 3139 611 3175 aut
639 3141 885 3178 aeternae.
907 3127 997 3173 etsi
1028 3128 1101 3172 vel
1139 3127 1358 3172 maxime
1393 3124 1700 3169 continenter
1731 3124 1965 3170 ferantur.

2017 3187 2080 3248 ,ss

2087 3171 2140 3184 *A
