2205 3431
69 3228 139 3269 a

141 3274 165 3310 Ιι

242 139 299 185 17
303 140 334 183 0
754 131 852 178 DE
886 127 1389 177 DIVINATIONE.

237 235 354 293 Sed
396 233 578 291 tribus
620 232 811 289 modis
854 238 1047 287 censet
1091 230 1331 286 deorum
1371 226 1612 304 appulsu
1655 224 1926 283 homines

237 314 554 372 somniare:
591 330 706 369 uno
737 311 894 388 quod
914 310 1242 387 praevideat
1264 308 1489 365 animus
1513 307 1633 383 ipse
1656 325 1757 382 per
1779 324 1921 375 sese,

238 395 453 472 quippe
489 393 587 469 qui
617 392 854 449 deorum
884 390 1226 465 cognatione
1256 395 1531 457 teneatur,
1556 386 1733 442 altero
1763 385 1925 461 quod

237 475 440 552 plenus
462 480 561 530 aer
583 473 657 528 sit
678 470 1087 527 immortalium
1112 469 1451 537 animorum,
1470 467 1530 524 in
1554 465 1759 543 quibus
1780 474 1925 522 tam-

238 574 409 631 quam
428 552 733 628 insignitae
756 558 924 607 notae
947 549 1200 606 veritatis
1223 554 1549 623 appareant,
1570 546 1741 603 tertio
1766 544 1925 622 quod

236 634 348 710 ipsi
394 634 455 690 di
500 652 629 689 cum
666 629 1084 688 dormientibus
1127 628 1539 704 colloquantur.
1624 626 1825 702 quue,
1856 633 1925 682 ut

236 713 413 770 modo
449 712 586 781 dixi,
617 711 842 768 facilius
876 709 1066 766 evenit
1098 708 1597 784 appropinquante
1629 714 1832 776 morte,
1857 712 1926 761 ut

237 793 416 849 animi
437 793 633 849 futura
653 796 1016 866 augurentur.
1089 794 1181 845 65.
1219 787 1307 844 Ex
1331 807 1445 864 quo
1468 795 1526 844 et
1549 786 1691 843 illud
1712 793 1797 843 est
1818 785 1928 841 Ca-

237 872 457 943 lani,de
487 890 601 948 quo
630 879 762 927 ante
791 870 927 938 dixi,
954 877 1012 926 et
1039 868 1337 926 Homerici
1366 867 1651 938 HectoriS,
1676 866 1775 942 qui
1803 884 1925 920 mo-

236 953 387 1009 riens
405 952 787 1028 propinquam
806 947 1022 1007 Achilli
1038 955 1285 1005 mortem
1304 947 1621 1005 denuntiat.
1689 944 1921 1002 XXXI.

238 1032 441 1109 Neque
475 1031 628 1088 enim
658 1030 801 1086 illud
828 1028 1064 1086 verbum
1092 1036 1307 1086 temere
1338 1027 1693 1085 consuetudo
1721 1044 1927 1102 appro-

236 1111 500 1182 bavisset,
526 1111 573 1167 si
603 1130 669 1167 ea
695 1129 783 1167 res
810 1109 968 1166 nulla
995 1116 1143 1166 esset
1171 1109 1441 1166 omnino:

324 1233 651 1294 Praesagibat
673 1233 868 1280 animus
892 1232 1074 1280 frustra
1096 1246 1178 1279 me
1198 1232 1287 1293 ire,
1311 1246 1427 1279 cum
1450 1231 1639 1279 exirem
1665 1229 1829 1277 domo.

240 1345 274 1372 ‘⁴
295 1344 492 1421 Sagire
511 1343 543 1370 '²
580 1344 734 1400 enim
777 1343 985 1399 sentire
1027 1350 1192 1399 acute
1234 1349 1348 1399 est:
1393 1361 1462 1399 ex
1497 1360 1612 1417 quo
1649 1340 1683 1367 ‘⁴
1703 1359 1869 1416 sagae
1887 1339 1922 1366 ”

237 1444 395 1496 anuS,
421 1424 555 1500 quia
586 1423 769 1480 multa
802 1423 942 1480 scire
971 1422 1188 1491 volunt,
1214 1429 1273 1479 et
1303 1422 1336 1448 ‘⁴
1356 1440 1585 1498 sagaces
1603 1420 1635 1447 ’'
1667 1420 1809 1477 dicti
1837 1439 1925 1477 ca-

238 1524 353 1561 nes,
441 1504 497 1560 Is
530 1504 723 1580 igitur,
762 1504 860 1579 qui
898 1511 1029 1560 ante
1072 1502 1222 1579 sagit
1257 1521 1427 1579 quam
1472 1500 1666 1559 oblata
1695 1520 1784 1558 res
1817 1508 1921 1572 est,

238 1584 450 1641 dicitur
475 1584 810 1661 praesagire,
833 1583 894 1639 id
921 1590 1022 1653 est,
1043 1583 1242 1639 futura
1268 1589 1399 1639 ante
1429 1582 1652 1639 sentire.

320 1670 413 1723 66.
460 1664 616 1722 Inest
649 1664 827 1740 igitur
859 1664 919 1720 in
954 1663 1161 1720 animis
1194 1662 1539 1739 praesagitio
1575 1660 1925 1720 extrinsecus

236 1744 448 1803 iniecta
475 1752 646 1821 atque
674 1744 893 1801 inclusa
919 1744 1213 1801 divinitus
1298 1743 1383 1800 Ea
1411 1744 1458 1800 si
1488 1744 1696 1800 exarsit
1718 1742 1920 1812 acriuS,

236 1825 400 1882 furor
441 1824 773 1900 appellatur,
811 1843 942 1880 cum
985 1843 1019 1880 a
1059 1842 1296 1900 corpore
1338 1824 1564 1880 animus
1605 1822 1925 1880 abstractus

237 1905 434 1961 divino
463 1905 738 1961 instinctu
767 1904 1100 1961 concitatur.

302 2022 373 2074 H.
402 2025 498 2073 Sed
523 2025 639 2087 quid
663 2026 818 2073 oculis
843 2026 1010 2074 rabere
1034 2025 1141 2072 visa
1163 2040 1215 2073 es
1240 2025 1501 2087 derepente
1524 2024 1810 2072 ardentibus
1825 2026 1849 2073 ¹?

303 2092 402 2139 Ubi
428 2091 513 2138 illa.
538 2101 622 2139 tua
645 2092 792 2152 paulo
813 2101 928 2139 ante
951 2092 1145 2152 sapiens
1167 2091 1421 2150 virginalis
1445 2090 1689 2138 modestia
1706 2093 1729 2138 ⁴?

308 2154 364 2205 O.
392 2157 569 2215 Mater,
594 2157 891 2218 optimarum
919 2158 1075 2204 multo
1098 2157 1275 2204 mulier
1297 2156 1472 2204 melior
1496 2157 1774 2216 mulierum,

302 2223 461 2270 Missa
483 2238 592 2270 sum
617 2222 963 2282 superstitiosis
988 2222 1420 2270 hariolationibus:
1593 2242 1600 2245 *

303 2289 534 2350 Namque
559 2287 741 2350 Apollo
764 2287 879 2334 fatis
903 2288 1064 2335 fandis
1089 2287 1372 2335 dementem
1395 2286 1600 2334 invitam
1625 2287 1737 2336 ciet.

301 2354 539 2413 Virgines
562 2353 791 2416 aequales
813 2368 999 2412 vereor,
1020 2354 1173 2414 patris
1198 2353 1295 2400 mei
1320 2368 1484 2400 meum
1509 2353 1698 2400 factum
1718 2351 1887 2415 pudet,

302 2419 491 2480 Optimi
516 2419 622 2467 viri.
698 2419 818 2465 Mea
842 2428 1017 2478 mater,
1042 2419 1112 2466 tui
1138 2433 1218 2466 me
1242 2418 1458 2478 miseret,
1483 2420 1579 2466 mei
1605 2418 1753 2480 piget.

303 2484 555 2546 Optimam
574 2484 854 2544 progeniem
874 2484 1076 2531 Priamo
1094 2484 1325 2545 peperisti
1342 2492 1486 2531 extra
1504 2499 1609 2532 me:
1641 2484 1732 2531 hoc
1751 2483 1902 2544 dolet,

304 2550 424 2598 Men
448 2549 635 2609 obesse,
659 2549 768 2597 illos
793 2548 1039 2611 prodesse,
1063 2564 1146 2596 me
1168 2549 1381 2609 obstare,
1403 2549 1513 2597 illos
1537 2549 1754 2611 obsequi.

238 2650 291 2708 O
332 2657 546 2728 poema
585 2659 847 2708 tenerum
890 2657 948 2707 et
981 2656 1267 2706 moratum
1312 2657 1483 2727 atque
1526 2650 1725 2707 molle!
1811 2649 1928 2708 Sed

236 2731 348 2788 hoc
389 2733 580 2788 minus
621 2731 695 2787 ad
734 2749 871 2787 rem.
959 2730 1050 2787 67.
1112 2729 1278 2800 Illud,
1317 2731 1472 2806 quod
1524 2730 1799 2801 volumUS,
1836 2750 1930 2787 ex-

236 2830 496 2888 pressum
527 2817 628 2881 est,
656 2818 719 2867 ut
747 2810 1043 2867 vaticinari
1071 2811 1235 2866 furor
1263 2830 1394 2866 vera
1423 2810 1615 2867 soleat.

304 2921 482 2981 Adest,
503 2921 643 2968 adest
665 2921 752 2968 fax
775 2921 1006 2969 obvoluta
1031 2921 1271 2980 sanguine
1297 2930 1444 2983 atque
1468 2921 1723 2969 incendio!

304 2986 494 3032 Multos
517 3000 673 3032 annos
698 2986 869 3034 latuit:
910 2987 1056 3046 cives,
1080 2986 1205 3034 ferte
1227 3000 1369 3048 opem
1395 2995 1444 3034 et
1470 2986 1771 3047 restinguite.

240 3095 401 3231 Petis
434 3095 686 3153 inclusus
720 3115 957 3171 corpore
991 3096 1246 3154 humano
1280 3097 1412 3169 iam,
1449 3117 1565 3155 non
1609 3099 1931 3159 Cassandra

265 3174 497 3249 oquitur
