2205 3431
535 146 672 195 LIB.
700 146 761 207 1.‚
789 143 946 195 CAP.
981 145 1443 206 XXXIX-XLI„
1471 143 1501 204 ᾗ
1539 146 1779 194 109-115.
1937 145 1999 193 41

317 254 378 305 et
400 252 499 304 aut
520 245 876 304 Iuventatem
909 252 1008 303 aut
1028 245 1426 321 Ganymedem
1449 245 1656 320 pocula
1681 244 2005 301 ministran-

318 334 457 397 tem,
486 334 553 383 tu
594 332 804 395 autem,
834 325 1099 402 Epicure,
1125 325 1266 402 quid
1308 325 1523 382 facies?
1604 324 1807 400 Neque
1848 325 2003 381 enim

319 407 474 463 unde
501 405 709 463 habeat
737 406 847 463 ista
873 405 1013 463 deus
1041 412 1176 463 tuus
1205 404 1372 462 video
1400 424 1505 462 nec
1535 424 1649 482 quo
1678 403 1854 461 modo
1884 412 2005 461 uta-

318 493 430 543 tur.
516 485 882 562 Locupletior
922 485 1099 562 igitur
1138 485 1437 541 hominum
1481 493 1685 541 natura
1725 483 1799 542 ad
1841 484 2004 540 beate

319 566 628 623 vivendum
671 572 758 622 est
799 584 970 641 quam
1014 565 1270 636 deorum,
1302 564 1458 642 quod
1491 563 1750 641 pluribus
1790 565 2006 639 generi-

318 645 430 703 bus
456 646 670 703 fruitur
696 644 1075 721 voluptatum.
1166 650 1297 701 113.
1341 645 1428 701 At
1455 644 1557 700 has
1590 645 1828 701 leviores
1862 643 2006 700 dicis

320 726 662 802 voluptateS,
685 724 890 802 quibus
920 725 1079 801 quasi
1110 722 1682 800 titillatio—Epicuri
1712 724 1864 781 enim
1897 723 2004 779 hoc

320 805 558 863 verbum
589 804 1063 862 est—adhibetur
1091 804 1365 863 sensibus
1451 803 1580 872 Quo
1610 823 1788 880 usque
1816 803 2005 860 ludis?

322 885 476 942 Nam
504 885 679 942 etiam
706 884 879 942 Philo
912 891 1109 941 noster
1136 884 1285 942 ferre
1319 903 1433 940 non
1464 891 1692 960 poterat
1719 883 2004 959 aspernari

322 965 641 1041 Epicureos
683 965 888 1022 molles
937 971 996 1022 et
1044 964 1315 1022 delicatas
1362 964 1724 1041 voluptates:
1782 982 2007 1020 summa

323 1043 478 1100 enim
523 1042 801 1099 memoria
846 1043 1257 1119 pronuntiabat
1296 1044 1572 1121 plurimas
1614 1043 1849 1121 Epicuri
1885 1063 2006 1099 sen-

322 1123 534 1181 tentias
565 1121 656 1179 his
688 1123 829 1199 ipsis
862 1123 1066 1194 verbiS,
1097 1123 1306 1200 quibus
1347 1131 1508 1181 erant
1546 1125 1806 1200 scriptae.
1891 1123 2006 1181 Me-

323 1202 546 1260 trodori
566 1221 718 1274 vem,
739 1203 838 1279 qui
859 1210 947 1260 est
968 1203 1204 1279 Epicuri
1232 1204 1451 1280 collega
1478 1205 1805 1280 sapientiae,
1825 1203 2008 1260 multa

323 1283 749 1359 impudentiora
779 1282 1068 1340 recitabat.
1156 1283 1407 1341 Accusat
1439 1284 1594 1341 enim
1620 1283 2005 1340 Timocratem

323 1363 560 1421 fratrem
590 1382 756 1420 suum
786 1362 1166 1434 MetrodorUS,
1187 1364 1344 1440 quod
1372 1363 1598 1421 dubitet
1626 1362 1836 1434 omnia,
1862 1382 2005 1439 quae

324 1442 399 1499 ad
430 1441 657 1499 beatam
686 1443 860 1500 vitam
897 1443 1240 1519 pertineant,
1264 1450 1459 1501 ventre
1493 1444 1701 1514 metiri,
1727 1462 1909 1519 neque
1944 1443 2006 1499 id

326 1522 500 1579 semel
535 1522 693 1593 dicit,
724 1522 825 1579 sed
859 1523 1096 1598 saepius,
1182 1524 1455 1580 Adnuere
1490 1531 1547 1580 te
1580 1524 1764 1580 vide0.
1851 1522 2006 1579 Nota

325 1602 478 1658 enim
514 1602 621 1658 tibi
657 1610 806 1660 sunt.
892 1602 1217 1660 Proferrem
1254 1603 1446 1674 libros,
1478 1604 1523 1659 si
1557 1622 1808 1679 negares,
1894 1602 1950 1659 N
1954 1623 2006 1659 e-

327 1701 438 1760 que
486 1701 637 1740 nunc
681 1682 1053 1760 reprehende,
1091 1683 1249 1761 quod
1292 1684 1364 1741 ad
1409 1682 1763 1761 voluptatem
1813 1683 2007 1740 omnia

323 1763 643 1820 referantur
661 1763 876 1821 :—alia
918 1769 1006 1820 est
1043 1783 1111 1820 ea
1152 1764 1596 1841 quaestio—sed
1642 1764 1822 1821 doceo
1868 1764 2005 1820 deos

325 1850 544 1900 vestros
585 1862 706 1900 esse
741 1844 1052 1920 voluptatis
1094 1851 1386 1920 expertes:
1438 1844 1520 1901 ita
1561 1851 1747 1901 vestro
1790 1844 2005 1901 iudicio

324 1942 398 1980 ne
431 1922 631 1979 beatos
666 1923 914 1999 quidem.
1000 1923 1156 1981 XLI.
1200 1924 1286 1981 At
1314 1924 1509 1981 dolore
1538 1931 1755 1982 vacant.
1842 1925 2004 1981 Satin

325 2011 412 2060 est
457 2003 518 2060 id
562 2003 637 2060 ad
683 2003 836 2059 illam
885 2002 1273 2061 abundantem
1318 2003 1487 2061 bonis
1531 2005 1706 2061 vitam
1753 2005 2006 2062 beatissi-

324 2084 517 2140 mam?
602 2088 732 2140 114.
771 2083 1023 2159 Cogitat,
1048 2084 1334 2160 inquiunt,
1358 2084 1595 2142 adsidue
1622 2084 1852 2142 beatum
1885 2104 2006 2141 esse

326 2180 418 2220 se:
464 2162 636 2219 habet
679 2162 832 2219 enim
877 2163 1022 2220 nihil
1068 2163 1225 2220 aliud
1270 2165 1425 2241 quod
1469 2166 1649 2241 agitet
1692 2166 1751 2221 in
1793 2172 2001 2222 mente.

325 2242 763 2320 Comprehende
797 2243 975 2317 igitur
1017 2244 1212 2300 animo
1255 2252 1312 2301 et
1345 2264 1604 2321 propone
1646 2252 1777 2302 ante
1812 2244 2007 2300 oculos

327 2323 497 2380 deum
548 2322 691 2379 nihil
737 2322 892 2380 aliud
935 2324 993 2379 in
1040 2324 1199 2380 omni
1240 2325 1573 2382 aeternitate
1617 2326 1758 2382 nisi:
1807 2324 2005 2380 “Mihi

324 2402 561 2480 pulchre
610 2401 750 2474 est,’'
793 2410 883 2460 et:
935 2403 1116 2479 “Ego
1158 2403 1359 2461 beatus
1407 2404 1589 2476 sum,''
1637 2405 2003 2481 cogitantem.

326 2482 449 2539 Nec
492 2489 684 2539 tamen
721 2482 886 2540 video
923 2502 1037 2561 quo
1072 2484 1248 2540 modo
1283 2503 1400 2540 non
1435 2493 1693 2542 vereatur
1725 2486 1832 2541 iste
1867 2484 2007 2541 deus

325 2562 527 2619 beatus
559 2581 632 2619 ne
667 2563 922 2634 intereat,
953 2584 1084 2621 cum
1122 2565 1242 2621 sine
1285 2564 1401 2620 ulla
1433 2565 1852 2621 intermissione
1886 2564 2007 2640 pul-

327 2651 484 2699 setur
527 2643 886 2720 agiteturque
933 2652 1257 2701 atomorum
1292 2644 1616 2700 incursione
1664 2644 2009 2719 sempiterna

327 2741 572 2799 cumque
607 2742 675 2780 ex
703 2723 829 2799 ipso
858 2724 1139 2800 imagines
1173 2743 1398 2800 semper
1430 2723 1699 2780 adfluant.
1786 2723 1877 2780 Ita
1904 2743 2007 2781 nec

326 2802 528 2859 beatus
557 2810 643 2860 est
670 2810 856 2861 vester
883 2804 1022 2861 deus
1049 2823 1154 2861 nec
1183 2812 1459 2861 aeternus,

414 2888 543 2939 115.
581 2883 665 2940 At
706 2884 878 2940 etiam
922 2884 993 2941 de
1036 2884 1354 2955 sanctitate,
1385 2885 1456 2941 de
1485 2883 1699 2960 pietate
1741 2883 2008 2940 adversus

328 2961 468 3018 deos
500 2962 676 3019 libros
710 2964 936 3040 scripsit
965 2965 1261 3041 Epicurus,
1346 2964 1431 3021 At
1466 2984 1580 3041 quo
1613 2964 1790 3020 modo
1823 2964 1882 3020 in
1918 2963 2008 3019 his

328 3039 616 3119 loquitur?
696 3043 785 3101 Ut
818 3044 1241 3102 Coruncanium
1284 3052 1383 3101 aut
1418 3044 1747 3101 Scaevolam
1780 3043 2007 3118 pontifi-

330 3140 424 3178 ces
452 3122 732 3180 maximos
760 3130 817 3180 te
845 3125 1039 3181 audire
1068 3124 1242 3194 dicaS,
1266 3143 1381 3179 non
1418 3143 1549 3181 eum
1585 3124 1682 3199 qui
1717 3121 2007 3178 sustulerit

331 3220 561 3259 omnem
583 3203 847 3260 funditus
874 3204 1227 3280 religionem,
1251 3222 1354 3259 nec
1382 3202 1663 3269 manibus,
1683 3208 1748 3257 ut
1771 3200 2006 3265 Xerxes,

2009 3275 2133 3368 ,A
