2205 3431
764 143 903 192 LIB.
928 144 992 204 1.,
1017 141 1430 229 CAP.1.‚11.,5
1461 144 1567 191 1-4.
1975 145 2008 190 5

328 244 697 321 Iosophorum
726 244 1079 301 dissensione
1109 250 1358 301 certatur
1377 240 1584 320 &quod
1607 263 1739 300 vero
1761 244 2010 301 maxime

326 344 447 381 rem
469 344 809 401 causamque
827 325 1101 395 continet,
1125 331 1316 381 utrum
1335 324 1480 380 nihil
1509 331 1699 400 agant,
1723 324 1867 381 nihil
1890 343 2011 380 mo-

326 404 552 473 liantur,
578 405 737 461 omni
765 405 1058 461 curatione
1087 411 1147 461 et
1175 404 1673 461 administratione
1701 423 1889 461 rerum
1920 423 2012 460 va-

325 491 458 541 cent
498 503 571 541 an
613 492 813 542 contra
844 483 916 541 ab
950 484 1021 540 iis
1055 491 1114 541 et
1147 503 1181 540 a
1212 484 1497 560 principio
1532 484 1727 540 omnia
1757 484 1913 540 facta
1952 491 2012 540 et

326 564 640 621 constituta
661 564 776 621 sint
798 571 856 621 et
877 564 950 620 ad
971 563 1261 621 infinitum
1284 569 1513 639 tempus
1540 569 1811 640 regantur
1838 571 2010 640 atque

326 652 681 715 moveantur,
702 644 761 699 in
790 644 992 720 primis
1019 662 1231 720 magna
1257 643 1534 700 dissensio
1564 653 1665 714 est,
1692 663 1870 720 eaque
1898 643 2010 699 nisi

327 724 691 793 diiudicatur,
715 724 777 780 in
806 743 1032 781 summo
1061 743 1248 781 errore
1276 743 1503 780 necesse
1532 729 1618 780 est
1639 723 1903 780 homines
1931 730 2012 779 at—

328 823 440 880 que
473 804 534 860 in
567 803 945 860 maximarum
980 822 1170 860 rerum
1206 803 1566 879 ignoratione
1603 804 1829 860 versari.
1931 802 2007 859 II.

330 890 383 940 3.
422 882 570 940 Sunt
598 883 752 940 enim
780 882 1116 959 philosophi
1145 890 1203 940 et
1231 883 1466 940 fuerunt
1495 883 1594 959 qui
1623 883 1861 939 omnino
1890 882 2012 939 nul-

329 963 444 1019 lam
471 962 679 1020 habere
709 969 1003 1020 censerent
1031 963 1411 1019 humanarum
1444 982 1629 1019 rerum
1662 944 2013 1099 proffuragio-

329 1062 463 1099 nem
486 1042 639 1100 deos,
703 1041 962 1110 Quorum
987 1043 1033 1098 si
1056 1061 1189 1099 vera
1216 1042 1499 1099 sententia
1527 1050 1628 1113 est,
1655 1062 1798 1119 quae
1820 1062 1896 1119 po
1921 1051 2013 1099 -est

329 1142 452 1180 esse
479 1123 678 1199 pietaS,
704 1142 848 1198 quae
878 1122 1165 1193 sanctitaS,
1192 1141 1335 1198 quae
1363 1122 1601 1197 religio?
1667 1122 1831 1179 Haec
1857 1122 2012 1179 enim

330 1203 526 1258 omnia
545 1221 686 1279 pure
713 1209 883 1279 atque
907 1209 1058 1259 caste
1080 1201 1385 1259 tribuenda
1413 1202 1651 1259 deorum
1679 1202 1904 1258 numini
1931 1200 2015 1258 ita

330 1289 482 1353 sunt,
508 1282 555 1338 si
584 1282 1117 1339 animadvertuntur
1144 1281 1215 1339 ab
1239 1282 1310 1338 iis
1338 1288 1397 1338 et
1425 1283 1472 1338 si
1501 1289 1588 1339 est
1615 1281 1834 1359 aliquid
1863 1302 1897 1338 a
1924 1282 2013 1338 dis

330 1361 749 1419 immortalibus
776 1362 1078 1418 hominum
1108 1361 1302 1438 generi
1323 1361 1620 1420 tributum.
1690 1362 1790 1418 Sin
1821 1368 2013 1418 autem

330 1442 394 1498 di
422 1461 526 1499 nec
553 1449 794 1518 possunt
820 1461 926 1498 nos
955 1442 1147 1499 iuvare
1169 1460 1271 1498 nec
1293 1441 1494 1498 volunt
1521 1461 1626 1499 nec
1655 1442 1893 1498 omnino
1922 1461 2015 1498 cu-

331 1529 462 1577 rant
502 1541 606 1578 nec
649 1522 788 1598 quid
830 1541 1066 1597 agamus
1109 1521 1570 1578 animadvertunt
1599 1541 1702 1577 nec
1737 1528 1824 1577 est
1858 1521 2013 1598 quod

332 1600 406 1657 ab
437 1602 504 1657 iis
532 1601 605 1657 ad
633 1601 934 1658 hominum
963 1602 1140 1658 vitam
1170 1620 1500 1677 permanare
1529 1602 1727 1677 possit,
1760 1602 2014 1677 quid⁸est

333 1681 492 1757 quod
525 1681 670 1739 ullos
695 1682 792 1899 ΞΕ,
834 1681 1256 1739 immortalibus
1299 1679 1501 1753 cultuS,
1526 1680 1786 1752 honoreS,
1818 1700 2014 1758 preces

332 1762 707 1819 adhibeamus
729 1764 748 1820 ’Ξ

332 1843 484 1899 sicut
511 1842 692 1919 reliqu
787 1843 1042 1913 virtuteS,
1068 1843 1209 1900 item
1238 1842 1422 1918 pietas
1443 1842 1628 1899 inesse
1655 1861 1772 1898 non
1802 1848 2010 1919 potest,

332 1941 467 1978 cum
490 1941 603 1998 qua
630 1922 799 1979 simul
823 1923 1185 1979 sanctitatem
1208 1929 1266 1978 et
1286 1921 1621 1997 religionem
1639 1921 1766 1979 tolli
1788 1942 2014 1979 neccsse

333 2008 438 2072 est,
461 2002 669 2078 quibus
692 2002 929 2059 sublatis
950 2002 1305 2078 perturbatio
1328 2002 1478 2059 vitae
1508 2003 1765 2079 sequitur
1782 2010 1840 2059 et
1860 2022 2016 2078 mag-

333 2101 411 2137 na
431 2082 712 2139 confusiO.
799 2087 852 2139 4.
894 2082 1086 2158 Atque
1105 2081 1258 2139 haud
1282 2081 1399 2138 scio
1420 2101 1490 2138 an
1514 2082 1726 2158 pietate
1748 2083 2015 2139 adversus

335 2161 475 2218 deos
517 2162 738 2219 sublata
765 2161 906 2219 fides
940 2163 1114 2219 etiam
1150 2169 1208 2219 et
1242 2162 1482 2218 societas
1522 2155 1745 2238 generis
1780 2163 2016 2220 humani

335 2249 394 2298 et
424 2260 537 2300 una
564 2241 1038 2299 excellentissima
1065 2242 1261 2312 virtuS,
1287 2242 1522 2312 iustitia,
1547 2242 1796 2320 tollatur.
1868 2242 2016 2299 Sunt

335 2328 527 2378 autem
559 2321 654 2378 alii
684 2322 1015 2398 philosophi
1050 2330 1109 2379 et
1142 2322 1184 2378 ii
1217 2322 1451 2398 quidem
1485 2323 1680 2399 magni
1714 2327 1884 2400 atque
1919 2342 2017 2379 no-

335 2401 493 2471 biles,
521 2402 618 2477 qui
646 2402 885 2458 deorum
918 2409 1111 2459 mente
1145 2410 1317 2479 atque
1345 2402 1565 2458 ratione
1596 2423 1826 2459 omnem
1855 2422 2018 2459 mun-

332 2481 473 2537 dum
507 2482 889 2539 administrari
920 2489 977 2538 et
1005 2483 1125 2557 regi
1160 2489 1442 2552 censeant,
1467 2501 1651 2559 neque
1681 2502 1813 2540 vero
1842 2482 1902 2539 id
1933 2501 2019 2538 so-

336 2561 475 2630 lum,
501 2562 602 2617 sed
636 2562 808 2619 etiam
851 2562 922 2618 ab
957 2562 1162 2619 iisdem
1190 2562 1493 2619 hominum
1524 2564 1672 2619 vitae
1707 2563 1925 2619 consuli
1960 2569 2017 2618 et

335 2641 659 2719 provideri:
705 2661 839 2698 nam
876 2649 934 2699 et
961 2643 1159 2718 fruges
1200 2650 1259 2699 et
1291 2642 1524 2718 reliqua,
1552 2639 1695 2719 quae
1734 2650 1890 2699 terra*
1923 2661 2019 2718 pa-

336 2722 463 2791 riat,
488 2729 547 2778 et
575 2728 946 2797 tempestates
979 2742 1044 2780 ac
1071 2731 1399 2799 temporum
1430 2724 1729 2779 varietates
1765 2722 2017 2799 caelique

336 2801 704 2872 mutationeS,
730 2802 937 2879 quibus
980 2803 1189 2872 omnia,
1216 2822 1358 2879 quae
1400 2809 1548 2859 terra
1588 2802 1806 2879 gignat,
1837 2809 2019 2859 matu-

337 2889 461 2938 rata
489 2882 819 2957 pubescant,
841 2903 874 2939 a
907 2883 996 2939 dis
1028 2882 1450 2939 immortalibus
1477 2882 1653 2939 tribui
1694 2883 1887 2958 generi
1918 2882 2019 2937 hu-

337 2981 512 3018 mano
551 2969 774 3038 putant,
795 2961 1105 3039 multaque,
1132 2982 1277 3038 quae
1319 2963 1581 3020 dicentur
1614 2964 1673 3018 in
1708 2962 1797 3019 his
1840 2961 2014 3029 libris,

340 3041 635 3118 colligunt,
664 3062 806 3119 quae
828 3042 963 3099 talia
985 3048 1135 3111 sunt,
1151 3048 1218 3099 ut
1247 3062 1312 3098 ea
1339 3044 1464 3118 ipsa
1485 3043 1543 3097 di
1567 3043 1746 3097 immo
1766 3040 1917 3095 tales
1946 3040 2018 3093 ad

339 3140 507 3178 usum
542 3122 842 3179 hominum
878 3122 1143 3178 fabricati
1188 3140 1365 3195 paene
1389 3061 1767 3196 videantur]
1802 3117 2018 3171 Contra

341 3221 487 3276 quos
504 3201 824 3310 garneades
847 3203 928 3259 ita
948 3200 1132 3257 multa
1153 3199 1435 3263 disseruit,
1455 3205 1521 3253 ut
1550 3197 1820 3251 excitaret
1836 3193 2017 3246 homi-

509 3312 536 3323 .-

830 1762 898 1819 In
949 1762 1138 1839 specie
1188 1769 1380 1818 autem
1429 1760 1564 1818 ficta
1612 1762 2028 1833 simulationiS,

2063 3245 2116 3280 ,s-
