2205 3431
602 140 741 190 ΠΒ.
772 141 834 202 1.,
862 141 1017 190 CAP.
1045 141 1406 201 xv.-XV11.,
1437 139 1465 199 ς
1495 141 1672 188 40-45.
1916 139 1978 186 19

302 239 432 298 beat
459 241 580 298 sine
607 240 868 298 doctrina
895 242 1364 318 anticipationem
1393 241 1679 318 quandam
1704 237 1980 295 deorum?

301 340 471 396 quam
501 321 749 398 appellat
775 321 1055 397 πρόληψιν
1083 322 1379 399 Epicurus,
1406 323 1467 379 id
1496 328 1596 390 est,
1619 325 1981 394 anteceptam

299 401 491 457 animo
525 402 606 458 rei
641 402 926 478 quandam
956 403 1444 472 informationem,
1470 403 1591 458 sine
1627 419 1739 477 qua
1765 417 1869 454 nec
1898 397 1980 454 in·
2015 433 2023 455 ι

299 479 491 556 tellegi
542 481 846 558 quicquam
897 501 1000 539 nec
1050 483 1245 561 quaeri
1292 502 1397 539 nec
1447 480 1729 558 disputari
1768 484 1978 554 potest.

301 564 480 621 Cuius
521 565 760 622 rationis
794 565 912 621 vim
950 571 1122 641 atque
1157 564 1462 621 utilitatem
1508 583 1576 621 ex
1619 562 1717 620 illo
1752 563 1980 620 caelesti

300 643 536 720 Epicuri
581 645 653 702 de
696 645 893 721 regula
937 651 995 700 et
1038 644 1254 700 iudicio
1296 644 1587 700 volumine
1636 643 1975 720 accepimus,

301 723 497 781 XVII.
583 729 678 781 44.
716 724 887 792 Quod
920 725 1098 800 igitur
1131 723 1576 780 fundamentum
1609 723 1780 780 huius
1815 742 1980 800 quae-

302 803 504 860 stionis
537 811 640 876 est,
672 803 734 860 id
766 804 1050 880 praeclare
1084 804 1297 860 iactum
1331 803 1555 860 videtis,
1640 802 1790 860 Cum
1825 803 1999 863 enim,

300 902 417 939 non
439 884 708 941 instituto
736 884 928 960 aliquo
958 892 1056 941 aut
1078 887 1237 941 more
1265 890 1365 940 aut
1385 883 1510 960 lege
1533 883 1607 940 sit
1628 883 1826 960 opinio
1850 902 1981 940 con-

301 963 505 1020 stituta
525 971 865 1041 maneatque
893 964 967 1021 ad
990 983 1170 1021 unum
1193 964 1452 1021 omnium
1475 962 1639 1020 firma
1660 963 1976 1033 consensiO,

296 1043 557 1119 intellegi
584 1063 809 1101 necesse
833 1052 920 1101 est
948 1063 1067 1102 esse
1089 1044 1243 1114 deOS,
1266 1044 1538 1121 quoniam
1560 1043 1759 1100 insitas
1782 1062 1979 1104 eorum

299 1122 388 1179 vel
411 1124 606 1199 potius
626 1124 851 1181 innatas
880 1125 1241 1200 cognitiones
1263 1122 1553 1180 habemus
1637 1123 1729 1180 De
1750 1142 1863 1199 quo
1886 1142 1981 1179 au-

216 1246 221 1250 .
298 1210 418 1259 tem
448 1204 705 1260 omnium
736 1212 939 1261 natura
967 1204 1268 1275 consentit,
1294 1203 1358 1260 id
1385 1223 1582 1260 verum
1611 1223 1731 1260 esse
1753 1222 1980 1260 necesse

299 1290 400 1340 est.
485 1283 624 1340 Esse
656 1284 836 1360 igitur
863 1284 1002 1342 deos
1035 1283 1427 1340 confitendum
1457 1292 1557 1340 est.
1644 1282 1815 1351 Quod
1844 1302 1981 1359 quo-

298 1364 453 1420 niam
473 1363 593 1420 fore
611 1371 835 1421 constat
852 1365 1001 1421 inter
1023 1383 1223 1421 omnes
1241 1383 1355 1421 non
1372 1362 1751 1440 philosophos
1774 1362 1977 1433 solum,

299 1443 400 1499 scd
443 1443 616 1500 etiam
659 1444 940 1513 indoctOS,
972 1445 1258 1500 fateamur
1298 1451 1557 1501 constare
1599 1443 1743 1500 illud
1785 1443 1976 1513 etiam,

298 1522 446 1579 hanc
490 1542 594 1579 nos
633 1523 841 1581 habere
883 1525 1001 1581 sive
1045 1524 1533 1600 anticipationem,
1565 1530 1631 1580 ut
1672 1531 1804 1581 ante
1838 1523 1975 1592 dixi,

299 1603 417 1659 sive
458 1604 893 1678 praenotionem
928 1604 1385 1661 deorum—sunt
1418 1604 1571 1660 enim
1612 1603 1781 1660 rebus
1817 1604 1980 1658 novis

298 1701 447 1739 nova
491 1683 758 1760 ponenda
805 1684 1056 1755 nomina,
1089 1691 1155 1741 ut
1203 1683 1484 1761 Epicurus
1534 1683 1656 1760 ipse
1698 1682 1978 1759 πρόληψιν

297 1763 620 1839 appellavit,
654 1784 825 1840 quam
867 1772 1036 1821 antea
1075 1783 1247 1821 nemo
1290 1784 1359 1821 eo
1402 1763 1575 1821 verbo
1619 1765 2012 1830 nominaratz,

298 1847 391 1900 45.
424 1843 570 1900 hanc
612 1844 790 1920 igitur
822 1844 1115 1915 habemuS,
1147 1852 1212 1901 ut
1245 1844 1385 1901 deos
1423 1844 1621 1901 beatos
1656 1852 1713 1902 et
1747 1832 1988 1901 immol(

298 1922 438 1979 tales
480 1930 763 1999 putemus.
851 1923 1009 1992 Quae
1055 1924 1208 1981 enim
1252 1924 1420 1981 nobis
1461 1932 1665 1981 natura
1705 1925 1978 1982 informa-

296 2003 515 2060 tionem
558 2004 794 2061 deorum
837 2005 1095 2081 ipsorum
1131 2004 1307 2074 dedit,
1340 2004 1536 2061 eadem
1580 2005 1882 2082 insculpsit
1915 2006 1976 2061 in

294 2083 602 2154 mentibUS,
620 2091 684 2140 ut
706 2103 802 2141 eos
825 2091 1085 2141 aeternos
1104 2091 1162 2141 et
1179 2083 1377 2141 beatos
1398 2083 1751 2141 haberemus
1805 2084 1977 2152 Quod

297 2163 344 2219 si
371 2163 455 2219 ita
483 2170 583 2234 est,
606 2183 735 2221 vere
763 2164 1025 2240 exposita
1051 2164 1150 2221 illa
1177 2164 1462 2221 sententia
1490 2157 1576 2221 est
1604 2164 1675 2221 ab
1704 2164 1973 2241 EpicurO,

297 2242 331 2269 “
352 2242 507 2319 quod
530 2242 760 2301 beatum
790 2251 1198 2320 aeternumque
1226 2244 1318 2314 sit,
1343 2244 1405 2300 id
1426 2263 1530 2301 nec
1553 2244 1973 2321 habere‘ipsum

293 2323 514 2398 negotii
558 2323 863 2399 quicquam
891 2343 995 2381 nec
1030 2323 1296 2382 exhibere
1331 2324 1521 2381 alteri:
1567 2324 1759 2400 itaque
1788 2344 1975 2402 neque

292 2402 377 2458 ira
418 2422 603 2479 neque
643 2404 828 2479 gratia
859 2404 1057 2475 teneri,
1095 2405 1253 2480 quod
1287 2423 1431 2480 quae
1465 2404 1601 2461 talia
1642 2412 1830 2461 essent
1871 2406 1975 2461 im·
1993 2411 2006 2434 ·'

292 2481 496 2539 becilla
533 2490 722 2539 essent
763 2483 1010 2541 omnia.''
1096 2484 1159 2541 Si
1201 2484 1344 2540 nihil
1386 2483 1542 2541 aliud
1577 2503 1975 2560 quaereremus

292 2562 404 2618 nisi
433 2569 499 2618 ut
526 2562 665 2619 deos
692 2563 786 2639 pie
816 2563 1130 2621 coleremus
1164 2572 1222 2621 et
1251 2572 1316 2621 ut
1344 2565 1749 2640 superstitione
1776 2564 1975 2622 libera-

292 2660 499 2712 remur,
532 2642 670 2698 satis
705 2651 825 2700 erat
859 2644 1113 2701 dictum:
1157 2664 1290 2701 nam
1326 2651 1385 2701 et
1412 2651 1704 2720 praestans
1733 2644 1970 2701 deorum

292 2728 496 2778 natura
538 2722 841 2780 hominum
884 2724 1097 2799 pietate
1143 2723 1437 2794 coleretur,
1470 2743 1602 2781 cum
1645 2730 1704 2780 et
1744 2731 1974 2781 aeterna

292 2808 440 2858 esset
462 2808 520 2858 et
540 2801 899 2859 beatissima:
943 2803 1118 2861 habet
1140 2804 1293 2860 enim
1317 2804 1739 2861 venerationem
1762 2804 1972 2862 iustam

293 2880 577 2957 quidquid
599 2881 855 2940 excellit:
901 2890 958 2939 et
987 2891 1175 2941 metus
1205 2884 1391 2940 omnis
1414 2903 1447 2940 a
1466 2884 1520 2940 vi
1542 2892 1714 2961 atque
1737 2885 1819 2941 ira
1841 2885 1974 2942 deo-

289 2978 418 3016 rum
448 2960 644 3036 pulsus
674 2970 834 3019 esset.
922 2962 1282 3040 Intellegitur
1310 2964 1464 3019 enim
1493 2984 1527 3019 a
1547 2963 1715 3020 beata
1741 2964 1973 3021 immor-

288 3038 508 3116 talique
540 3048 744 3098 natura
777 3049 833 3099 et
874 3043 1016 3099 iram
1052 3051 1111 3100 ct
1152 3043 1393 3118 gratiam
1430 3043 1728 3118 segregari,
1763 3042 1972 3118 quibus

287 3119 528 3176 remotis
561 3120 748 3177 nullos
782 3141 816 3177 a
849 3121 1066 3198 superis
1100 3121 1431 3197 impendere
1463 3128 1667 3177 metus,
1754 3121 1868 3175 Sed
1897 3122 1972 3177 ad

286 3196 438 3255 hanc
480 3199 929 3257 confirmandam
975 3201 1309 3272 opinionem
1354 3199 1606 3272 anquirit
1647 3197 1871 3253 animus
1911 3204 2075 3288 eta-¹·
