2205 3431
243 91 337 136 180
761 89 860 137 DE
893 88 1394 138 DIVINATIONE.

242 192 334 243 94.
380 185 601 243 Arabes
629 192 820 242 autem
852 197 910 243 et
942 186 1205 263 Phryges
1234 193 1291 244 et
1320 186 1541 257 Cilices,
1569 187 1725 263 quod
1753 194 1924 264 pastu

239 265 526 342 pecudum
555 267 804 323 maxime
833 274 1088 337 utuntur,
1115 286 1349 343 campos
1382 273 1441 323 et
1474 274 1700 324 montes
1733 267 1926 325 hieme

240 354 299 402 et
331 352 543 403 aestate
578 355 959 421 peragranteS,
986 353 1289 423 propterea
1321 346 1547 403 facilius
1582 353 1782 403 cantus
1810 348 1927 405 avi-

239 445 338 482 um
389 432 448 483 et
493 425 714 482 volatus
758 433 1116 482 notaverunt.
1201 426 1533 502 Eademque
1567 433 1625 483 et
1669 426 1926 485 Pisidiae

240 525 409 562 causa
436 506 551 563 fuit
573 513 632 562 et
659 505 792 562 huic
814 513 1042 562 nostrae
1065 505 1359 563 Umbriae.
1423 505 1574 562 Tum
1604 505 1773 563 Caria
1800 515 1928 565 tota

239 586 656 662 praecipueque
688 585 1019 657 TelmesseS,
1052 604 1197 661 quos
1230 592 1362 642 ante
1396 586 1533 656 dixi,
1566 586 1725 662 quod
1756 606 1927 662 agros

239 666 557 722 uberrimos
604 665 967 741 maximeque
1014 665 1234 722 fertiles
1283 665 1558 736 incolunt,
1603 667 1663 721 in
1715 666 1927 742 quibus

241 745 422 802 multa
455 752 692 822 propter
723 745 1141 802 fecunditatem
1175 744 1317 821 fingi
1349 745 1628 822 gignique
1660 754 1923 822 possunt,

239 826 300 881 in
332 825 572 882 ostentis
600 825 1121 882 animadvertendis
1149 824 1454 901 diligent-es
1483 825 1732 882 fuerunt.

322 904 538 962 XLIII.
626 911 719 962 95.
765 904 909 972 Quis
936 924 1068 962 vero
1104 923 1222 961 non
1250 904 1409 962 videt
1440 905 1501 960 in
1536 906 1759 980 optima
1793 924 1928 982 qua-

240 1005 352 1061 que
397 1004 456 1041 re
498 984 729 1060 publica
771 985 1083 1061 plurimum
1128 984 1381 1060 auspicia
1422 992 1480 1041 et
1524 984 1744 1061 reliqua
1783 985 1927 1042 divi·

241 1065 418 1122 nandi
445 1084 657 1141 genera
682 1065 958 1122 valuisse?
1040 1064 1182 1132 Quis
1211 1084 1308 1122 rex
1337 1083 1610 1141 umquam
1640 1065 1771 1136 fuit,
1798 1067 1927 1142 quis

240 1145 490 1222 populus
513 1145 611 1222 qui
640 1165 758 1201 non
782 1151 1034 1201 uteretur
1061 1144 1451 1220 praedictione
1474 1145 1706 1202 divina?
1738 1164 1925 1222 neque

240 1225 427 1282 solum
463 1226 521 1281 in
558 1244 713 1302 pace,
745 1224 846 1282 sed
874 1225 932 1280 in
969 1224 1119 1281 bello
1154 1223 1338 1282 multo
1373 1224 1545 1281 etiam
1581 1225 1782 1301 magiS,
1809 1244 1925 1301 quo

241 1306 427 1362 maius
455 1313 575 1362 erat
603 1312 889 1362 certamen
920 1298 1004 1378 [et
1033 1301 1365 1382 discrimen]
1397 1304 1611 1362 salutis,
1696 1305 1925 1362 Omitto

242 1394 484 1454 nostrOS,
553 1384 610 1441 ui
639 1385 779 1443 nihil
811 1385 870 1441 in
903 1385 1049 1441 bello
1080 1385 1203 1441 sine
1231 1385 1377 1442 extis
1406 1392 1603 1460 agunt,
1626 1384 1770 1441 nihil
1802 1385 1927 1442 sine

240 1466 508 1542 auspiciis
565 1466 704 1522 dum
734 1464 946 1522 habent
974 1461 1270 1540 auspicia].
1341 1465 1593 1521 Externa
1613 1462 1922 1522 videamus·

242 1545 508 1622 Namque
554 1553 611 1602 et
655 1545 1041 1602 Athenienses
1090 1544 1358 1601 omnibus
1407 1563 1633 1620 semper
1679 1544 1926 1620 publicis

241 1625 494 1683 consiliis
536 1625 761 1682 divinos
811 1625 1089 1701 quosdam
1134 1625 1469 1694 sacerdoteS‚
1512 1644 1657 1700 qnos
1700 1624 1927 1699 μάντεις

242 1714 466 1778 vocant,
503 1705 902 1775 adhibuerunt,
947 1712 1006 1762 et
1056 1704 1492 1763 Lacedaemonii
1536 1704 1765 1781 regibus
1808 1711 1927 1763 suis

241 1805 517 1863 augurem
546 1786 892 1842 adsessorem
926 1786 1223 1855 dederunt,
1248 1786 1503 1862 itemque
1532 1785 1927 1843 senibus—sic

242 1868 396 1923 enim
427 1866 726 1923 consilium
758 1866 1052 1942 publicum
1081 1865 1727 1942 appellant—augurem
1755 1865 1929 1923 inter-

242 1966 364 2003 esse
392 1945 709 2015 volueruut,
737 1946 1024 2022 iidemque
1052 1945 1125 2002 de
1154 1945 1323 2002 rebus
1357 1945 1669 2002 maioribus
1703 1964 1929 2021 semper

242 2033 343 2083 aut
384 2025 627 2102 Delphis
662 2026 952 2082 oraculum
988 2032 1088 2082 aut
1129 2024 1203 2081 ab
1244 2025 1575 2082 Hammone
1609 2031 1709 2081 aut
1740 2044 1774 2080 a
1806 2024 1930 2081 Do-

244 2107 398 2163 dona
424 2105 712 2182 petebant.
799 2111 892 2162 96.
930 2105 1226 2182 Lycurgus
1249 2105 1499 2181 quidem,
1525 2105 1625 2181 qui
1652 2103 1931 2162 Lacedae-

243 2186 570 2244 moniorum
602 2205 721 2242 rem
755 2185 1044 2261 publicam
1078 2185 1436 2261 temperavit,
1461 2184 1615 2261 leges
1644 2204 1772 2241 suas
1800 2202 1932 2241 auc-

244 2267 476 2324 toritate
509 2265 799 2342 Apollinis
831 2265 1106 2341 Delphici
1148 2264 1519 2322 confirmavit.
1606 2264 1760 2332 Quas
1794 2283 1929 2321 cum

245 2346 413 2404 vellet
463 2346 755 2422 Lysander
803 2352 1173 2416 commutare,
1215 2345 1412 2401 eadem
1465 2351 1552 2401 est
1600 2343 1931 2420 prohibitus

244 2426 534 2503 religione.
620 2426 816 2502 Atque
859 2425 1050 2495 etiam,
1083 2426 1183 2501 qui
1222 2431 1521 2501 praeerant
1554 2423 1934 2482 Lacedaemo-

244 2508 372 2578 niis,
417 2526 534 2563 non
584 2506 843 2563 contenti
890 2505 1262 2582 vigilantibus
1310 2505 1458 2561 curis
1507 2505 1568 2561 in
1610 2502 1932 2580 Pasiphaae

244 2589 400 2657 fanO,
443 2587 600 2664 quod
645 2593 731 2643 est
774 2587 834 2642 in
879 2605 1017 2662 agro
1063 2592 1299 2662 propter
1344 2584 1561 2654 urbem,
1602 2582 1932 2641 somniandi

245 2687 414 2724 causa
439 2667 806 2736 incubabant,
833 2667 966 2743 quia
986 2685 1119 2723 vera
1140 2664 1349 2742 quietis
1371 2665 1598 2722 oracula
1624 2662 1928 2720 ducebant.

248 2749 340 2804 97.
385 2747 484 2804 Ad
511 2755 709 2804 nostra
736 2747 849 2803 iam
881 2745 1066 2803 redeo,
1141 2745 1422 2812 Quotiens
1450 2751 1681 2802 senatus
1708 2743 1934 2801 decem·

246 2827 398 2884 viros
430 2828 505 2884 ad
546 2827 721 2883 libros
754 2828 836 2883 ire
869 2826 1051 2896 iussit,
1079 2825 1308 2903 quantis
1343 2826 1400 2881 in
1436 2824 1607 2883 rebus
1641 2841 1934 2901 quamque

246 2926 413 2982 saepe
457 2907 745 2981 responsis
789 2906 1154 2983 haruspicum
1202 2906 1420 2982 paruit!
1504 2905 1653 2961 Nam
1699 2910 1756 2961 et
1797 2922 1932 2960 cum

247 2986 364 3042 duo
393 2985 501 3042 visi
534 2984 680 3041 soles
709 2993 897 3042 essent
929 2994 988 3043 et
1021 3006 1149 3042 cum
1181 2995 1297 3042 tres
1324 2985 1490 3043 lunae
1519 2992 1577 3042 et
1611 3004 1743 3042 cum
1776 2983 1935 3039 faces

249 3072 307 3120 et
336 3083 466 3120 cum
496 3063 580 3119 sol
610 3070 780 3120 nocte
808 3065 962 3120 visus
990 3072 1140 3121 esset
1172 3072 1230 3121 et
1259 3084 1389 3121 cum
1419 3084 1449 3122 e
1480 3064 1635 3122 caelo
1665 3064 1937 3120 fremitus

247 3143 479 3199 audit-us
508 3149 565 3198 et
594 3160 724 3197 cum
754 3142 972 3199 caelum
1001 3143 1325 3201 discessisse
1347 3145 1534 3201 visum
1556 3150 1642 3200 est
1669 3150 1843 3219 atque
1871 3142 1937 3202 in
