2205 3431
178 2064 199 2124 ΨΑ.

260 143 290 188 4
704 138 803 186 DE
837 137 1138 186 NATURA
1172 135 1493 186 DEORUM.

260 240 394 287 Nam
417 238 553 285 illam
572 234 851 298 ἰσονομίαν,
866 236 917 283 id
940 244 1031 295 est,
1050 234 1465 296 aequilibritatem
1484 233 1703 296 Epicuri,
1723 249 1837 297 qua,
1856 236 1940 298 qui

261 315 432 352 natura
456 302 678 350 mortalis
696 302 777 361 sit,
799 300 912 348 ntis
935 301 1086 348 etiam
1102 300 1399 347 immortalis
1421 299 1486 346 sit
1507 300 1635 347 effici
1651 309 1809 361 putet,
1831 315 1940 362 per-

262 369 524 416 absurdum
553 381 675 423 esse,
699 366 830 428 quod
866 381 926 413 ea
953 375 1151 426 sumpta
1183 365 1362 413 eodem
1390 364 1537 412 modo
1571 365 1735 425 colligi
1765 366 1937 427 possit,

262 434 381 496 quia
399 433 624 481 homines
646 432 698 478 in
719 441 848 478 terra
870 439 1152 490 nascantur,
1172 431 1323 478 etiam
1346 430 1396 476 in
1419 445 1550 491 aqua
1571 431 1706 478 nasci
1729 440 1779 479 et
1799 431 1942 478 huius

261 499 399 547 modi
431 497 645 546 absurda
678 496 834 558 plura.
920 496 1109 543 Beatus
1136 510 1252 542 vero
1286 510 1401 542 cnm
1435 496 1542 543 sine
1575 497 1756 544 virtute
1783 510 1942 549 ‚nemo

261 579 369 613 esse
402 563 570 625 possit,
593 562 727 609 nulla
759 570 928 609 autem
962 561 1067 609 sine
1100 561 1296 608 actione
1317 561 1489 620 virtus,
1511 575 1574 608 ne
1596 561 1714 609 deos
1742 561 1942 623 quidem

261 630 372 678 illos
394 630 578 676 otiosos
602 627 769 674 beatos
796 640 903 673 esse
927 640 1088 688 posse,
1112 641 1234 687 quos
1269 641 1427 687 neque
1449 625 1699 688 voluptate
1725 627 1944 689 corporis

262 696 337 742 uti
359 708 515 755 posse,
537 693 585 740 in
612 707 708 754 qua
731 706 979 739 summum
1004 692 1188 738 bonum
1214 691 1456 753 Epicurus
1476 701 1644 753 ponat,
1665 706 1821 754 neque
1845 706 1945 740 una

264 760 447 807 doloris
466 758 710 805 vacuitate
744 766 830 804 aut
862 757 1070 804 adsidua
1092 756 1345 804 felicitatis
1373 771 1491 804 suae
1513 757 1810 817 cogitatione
1828 758 1942 806 bea-

264 836 341 873 tos
369 823 495 872 effici
530 838 688 885 posse,
712 831 764 869 et
797 837 911 869 cum
939 836 1136 883 semper
1161 822 1418 883 pulsentur
1443 822 1722 870 incursione
1755 832 1944 870 atomo·

263 905 374 937 rum
393 898 442 938 et
460 889 699 947 imagines
722 902 788 936 ex
804 887 921 948 ipsis
944 901 1138 948 semper
1160 887 1377 948 effluant,
1397 902 1496 935 non
1515 902 1655 950 posse
1678 903 1776 935 non
1794 888 1947 936 inter-

263 956 388 1002 itum
418 954 606 1013 timere,
631 954 683 1001 id
707 953 840 1015 quod
864 952 1160 1000 beatitudini
1189 967 1387 1014 prorsus
1415 953 1715 1001 contrarium
1742 968 1848 1001 esse
1877 953 1948 1000 vi-

265 1021 454 1079 deatur,
471 1035 577 1080 cap.
600 1021 779 1078 37-41,
803 1016 831 1076 ξ
862 1019 1100 1066 103-114.
1183 1019 1433 1078 Quoniam
1460 1033 1577 1066 vero
1609 1020 1793 1067 otiosos
1826 1019 1947 1067 deos

264 1085 579 1133 introducant
602 1083 846 1145 Epicurei,
871 1082 1058 1130 nullam
1092 1097 1258 1131 rerum
1292 1084 1624 1131 humanarum
1657 1100 1830 1132 curam
1857 1084 1948 1132 ha·

266 1151 451 1210 bentes,
476 1149 599 1197 nihil
631 1150 856 1197 iuvantes
889 1148 1132 1208 homines,
1156 1163 1354 1196 omnem
1391 1149 1704 1197 sanctitatem
1740 1150 1947 1197 deorum

266 1226 316 1264 et
340 1215 594 1262 hominum
620 1214 852 1262 adversus
880 1229 963 1262 eos
987 1213 1238 1275 pietatem,
1256 1229 1562 1276 quamquam
1583 1215 1744 1263 verbis
1766 1215 1836 1263 illi
1859 1230 1948 1277 po-

266 1290 405 1341 nant,
427 1295 478 1328 re
502 1291 667 1328 tamen
692 1279 877 1340 tollere,
892 1294 994 1342 cap.
1018 1280 1194 1339 ‘tt-44,
1219 1277 1247 1342 ξ
1278 1281 1520 1328 115-124.

350 1437 395 1494 Ι.
469 1443 519 1494 1.
559 1436 705 1493 Cum
736 1436 950 1493 multae
979 1455 1067 1492 res
1098 1437 1156 1491 in
1191 1435 1560 1512 philosophia
1587 1455 1948 1513 nequaquam

270 1518 407 1575 satis
449 1516 634 1573 adhuc
676 1516 988 1592 explicatae
1031 1516 1163 1585 sint,
1194 1524 1321 1573 tum
1355 1514 1721 1592 perdifficilis,
1746 1515 1946 1586 Brute,

271 1598 429 1675 quod
461 1605 527 1654 tu
561 1596 798 1653 minime
832 1597 1076 1672 ignoraS,
1104 1603 1162 1652 ct
1195 1595 1538 1672 perobscura
1571 1597 1829 1672 quaestio
1863 1604 1952 1652 est

272 1680 344 1737 de
391 1684 596 1736 natura
645 1677 900 1748 deorum,
939 1695 1082 1752 quae
1132 1682 1190 1733 et
1239 1675 1312 1732 ad
1366 1675 1721 1752 agnitionem
1772 1676 1951 1734 animi

271 1758 652 1837 pulcherrima
693 1764 778 1814 cst
820 1763 878 1813 et
919 1756 992 1812 ad
1028 1756 1439 1812 moderandam
1481 1757 1815 1833 religionem
1857 1777 1953 1814 ne-

272 1839 526 1897 cessaria.
627 1837 718 1894 De
762 1857 874 1914 qua
914 1844 1033 1892 tam
1077 1837 1264 1893 variae
1310 1843 1444 1893 sunt
1486 1837 1951 1895 doctissimorum

271 1920 574 1977 hominum
603 1925 836 1993 tamque
865 1917 1253 1993 discrepantes
1287 1917 1620 1992 sententiae,
1645 1925 1711 1974 ut
1739 1937 1951 1993 magno

272 2005 611 2075 argumento
656 2016 775 2054 esse
821 1996 1027 2053 debeat
1071 2016 1317 2068 causam,
1355 1997 1417 2053 id
1462 2005 1564 2068 est,
1601 1998 1949 2074 principium

274 2077 673 2157 philosophiae
715 2097 834 2134 esse
876 2076 1236 2134 inscientiam
1279 2077 1702 2154 prudenterque
1735 2077 1955 2135 Acade-

272 2160 453 2216 micos
482 2178 516 2215 a
543 2157 710 2214 rebus
733 2157 962 2215 incertis
980 2157 1376 2214 adsensionem
1401 2158 1738 2215 cohibuisse.
1799 2157 1953 2226 Quid

273 2246 361 2296 est
402 2239 556 2296 enim
597 2238 917 2295 temeritate
961 2237 1191 2294 foedius
1232 2245 1332 2295 aut
1374 2238 1515 2315 quid
1555 2246 1674 2295 tam
1718 2245 1955 2296 temera-

273 2320 422 2376 rium
472 2327 705 2394 tamque
757 2319 1059 2394 iudignum
1118 2318 1392 2395 sapientis
1447 2319 1727 2394 gravitate
1782 2326 1954 2394 atque

275 2399 597 2457 constantia
638 2417 807 2473 quam
852 2407 952 2454 aut
991 2397 1202 2454 falsum
1245 2399 1452 2456 sentire
1496 2406 1595 2455 aut
1639 2399 1795 2475 quod
1836 2418 1955 2455 non

276 2480 412 2536 satis
455 2478 743 2555 explorate
786 2485 1055 2554 perceptu
1155 2479 1228 2535 sit
1262 2487 1319 2536 ct
1353 2479 1650 2555 cognitum
1686 2479 1807 2535 sine
1840 2478 1957 2535 ulla

275 2559 634 2616 dubitatione
670 2558 1016 2616 defendere?
1100 2566 1152 2616 2.
1191 2559 1368 2617 Velut
1398 2560 1456 2615 in
1486 2559 1592 2616 hac
1622 2559 1956 2633 quaestione

274 2640 548 2717 plerique,
571 2639 727 2715 quod
756 2640 1002 2696 maxime
1032 2637 1149 2695 <reri
1185 2639 1368 2696 simile
1402 2647 1488 2697 est
1517 2647 1575 2697 et
1604 2659 1721 2717 quo
1756 2659 1956 2696 omnes

275 2721 419 2776 duce
450 2727 653 2776 natura
679 2719 957 2789 vehimur,
978 2720 1117 2776 deos
1151 2739 1271 2775 esse
1300 2720 1582 2791 dixerunt,
1604 2720 1867 2777 dubitare
1896 2739 1956 2777 se

276 2800 638 2874 Protagoras,
660 2799 847 2856 nullos
889 2819 1008 2857 esse
1051 2800 1289 2856 omnino
1331 2800 1613 2876 Diagoras
1652 2800 1857 2857 Melius
1898 2807 1958 2857 et

275 2880 615 2936 Theodorus
650 2879 996 2956 Cyrenaicus
1030 2886 1391 2956 putaverunt.
1489 2881 1603 2949 Qui
1640 2901 1774 2938 vero
1817 2881 1957 2938 deos

277 2979 397 3017 esse
428 2960 708 3026 dixerunt,
740 2967 902 3016 tanta
930 2969 1064 3017 sunt
1093 2960 1154 3015 in
1183 2961 1454 3018 varietate
1488 2980 1551 3017 ac
1586 2960 1954 3030 dissensione,

277 3047 343 3097 ut
372 3059 568 3096 eorum
598 3039 905 3096 molestum
935 3041 1009 3097 sit
1038 3059 1366 3096 enumerare
1396 3044 1720 3099 sententias.
1806 3042 1956 3098 Nam

277 3126 337 3176 ct
380 3119 451 3176 dc
495 3118 693 3193 figuris
737 3120 974 3177 deorum
1017 3127 1076 3176 et
1120 3120 1191 3176 de
1231 3120 1372 3176 locis
1416 3129 1587 3198 atque
1630 3121 1860 3178 sedibus
1901 3128 1960 3178 et

278 3201 503 3257 actione
534 3202 683 3256 vit-ac
712 3200 893 3256 inulta
925 3200 1210 3268 dicuntur,
1236 3200 1420 3276 deque
1456 3201 1544 3257 his
1579 3221 1802 3258 summa
1835 3202 1960 3276 phi-
