2205 3431
515 114 655 162 LIB.
686 113 782 174 11.,
806 113 962 162 CAP.
990 113 1441 175 Lxx.-Lxx11.,
1469 112 1497 172 ς
1530 115 1769 163 145-150.
1889 116 1986 163 249

310 213 393 270 illi
421 213 547 290 ipsi,
572 213 672 291 qui
701 232 767 270 ea
793 213 1004 284 vident,
1030 213 1172 269 nihil
1203 213 1478 283 divinent,
1503 214 1561 284 ii,
1588 215 1687 290 qui
1714 215 1987 290 interpre-

309 300 518 363 tantur,
559 293 942 349 coniecturam
987 292 1312 363 adhibeant,
1345 312 1461 349 non
1508 301 1786 364 naturam,
1824 313 1985 350 casus

308 379 502 431 autem
546 372 1052 429 innumerabilibus
1096 391 1275 448 paene
1325 372 1559 428 saeculis
1608 373 1667 428 in
1717 373 1985 430 omnibus

308 450 472 527 plura
511 450 792 508 mirabilia
834 470 1004 527 quam
1046 451 1106 507 in
1151 451 1503 508 somniorum
1546 452 1680 508 visis
1714 453 1981 524 effecerit,

307 549 493 607 neque
534 531 873 602 coniectura,
904 550 1047 607 quae
1088 532 1149 587 in
1184 531 1362 586 varias
1395 538 1583 607 partes
1617 531 1750 588 duci
1783 533 1981 609 possit,

307 628 425 666 non
458 629 771 686 numquam
805 611 978 666 etiam
1011 611 1072 666 in
1108 611 1415 667 contrarias
1450 611 1762 687 quidquam
1797 612 1872 667 sit
1903 612 1986 667 in«

307 690 530 746 certius,
630 688 875 747 LXXII.
965 696 1094 746 148.
1153 690 1508 766 Explodatur
1564 690 1701 748 haec
1757 710 1985 767 quoque

308 769 662 825 somniorum
697 769 974 826 divinatio
1008 769 1220 845 pariter
1253 789 1383 826 cum
1418 770 1633 827 ceteris
1720 769 1887 841 Nam,
1921 778 1985 827 ut

308 867 435 905 vere
468 848 785 925 loquamur,
810 849 1140 924 superstitio
1173 849 1302 905 fusa
1334 868 1436 925 per
1468 857 1667 926 gentes
1702 851 1985 926 oppressit

306 928 567 984 omnium
594 929 715 985 fere
749 929 969 985 animos
1003 936 1174 1004 atque
1202 928 1503 985 hominum
1533 929 1984 987 imbecillitatem

307 1007 622 1083 occupavit.
708 1007 879 1075 Quod
907 1015 964 1064 et
992 1008 1052 1063 in
1081 1008 1152 1064 iis
1174 1007 1333 1064 libris
1356 1008 1575 1065 dictum
1606 1016 1707 1080 est,
1730 1009 1829 1085 qui
1852 1016 1986 1066 sunt

307 1087 379 1143 de
423 1094 624 1143 natura
665 1087 918 1158 deorum,
956 1094 1015 1144 et
1056 1087 1161 1144 hac
1204 1088 1591 1165 disputatione
1633 1089 1695 1146 id
1736 1089 1985 1145 maxime

306 1167 543 1242 egimus,
630 1166 876 1236 Multum
912 1168 1064 1223 enim
1100 1174 1158 1224 et
1191 1167 1478 1224 nobismet
1509 1168 1650 1244 ipsis
1684 1175 1742 1225 et
1776 1169 1986 1226 nostris

307 1246 595 1320 profuturi
629 1245 976 1315 videbamur,
1009 1247 1056 1302 si
1090 1266 1215 1303 eam
1248 1247 1511 1303 funditus
1546 1248 1983 1305 sustulissemus,

308 1324 430 1382 Nec
464 1326 738 1382 vero—id
771 1326 923 1382 enim
959 1325 1263 1401 diligenter
1296 1325 1551 1402 intellegi
1585 1327 1988 1404 volo—super-

306 1405 543 1461 stitione
583 1405 836 1461 tollenda
876 1405 1074 1481 religio
1110 1405 1342 1461 tollitur.
1427 1405 1580 1462 Nam
1613 1413 1672 1462 et
1703 1407 1986 1463 maiorum

306 1484 571 1540 instituta
603 1485 751 1541 tueri
785 1485 955 1541 sacris
989 1484 1462 1560 caerimoniisque
1494 1485 1809 1542 retinendis
1844 1487 1988 1562 sapi-

307 1564 457 1619 entis
498 1571 584 1621 est
626 1570 684 1620 et
724 1582 845 1620 esse
878 1571 1261 1638 praestantem
1296 1564 1544 1640 aliquam
1586 1572 1986 1642 aeternamque

308 1649 569 1699 naturam
599 1651 657 1700 et
685 1662 807 1700 eam
839 1643 1257 1719 suspiciendam
1280 1643 1784 1721 admirandamque
1806 1643 1989 1701 homi-

308 1742 448 1779 num
477 1724 670 1799 generi
698 1723 1064 1800 pulchritudo
1094 1724 1296 1781 mundi
1319 1724 1572 1801 ordoque
1601 1744 1788 1781 rerum
1816 1725 1988 1782 caele-

309 1804 483 1860 stium
513 1804 670 1879 cogit
697 1802 967 1860 confiteri.
1058 1808 1187 1860 149.
1234 1803 1419 1872 Quam
1443 1804 1516 1861 ob
1539 1823 1675 1875 rem,
1703 1811 1765 1861 ut
1786 1804 1986 1880 religio

309 1883 680 1959 propaganda
713 1882 884 1940 etiam
914 1889 1015 1953 est,
1042 1903 1186 1959 quae
1214 1891 1300 1940 est
1328 1884 1522 1941 iuncta
1549 1903 1680 1941 cum
1709 1885 1988 1961 cognitio-

309 1982 382 2019 ne
410 1971 659 2033 naturae,
686 1963 765 2019 sic
793 1963 1213 2039 superstitionis
1235 1964 1439 2040 stirpes
1462 1983 1660 2020 omnes
1682 1964 1983 2021 eiciendae.

311 2042 496 2099 Instat
529 2043 681 2099 enim
717 2049 774 2098 et
807 2049 971 2118 urget
1006 2049 1064 2099 et
1093 2062 1207 2119 quo
1236 2049 1295 2100 te
1328 2063 1571 2121 cumque
1599 2044 1832 2101 verteris
1864 2063 1988 2120 per-

310 2123 582 2198 sequitur,
615 2122 731 2178 sive
773 2128 839 2178 tu
882 2129 1069 2178 vatem
1115 2123 1230 2179 sive
1264 2129 1328 2179 tu
1364 2142 1529 2179 omen
1576 2123 1837 2192 audieriS,
1869 2124 1985 2179 sivc

310 2202 623 2259 immolaris
656 2202 773 2258 sive
808 2221 969 2258 avem
1003 2202 1302 2278 aspexeris,
1328 2203 1376 2258 si
1410 2202 1780 2272 Chaldaeum,
1812 2202 1860 2258 si
1891 2202 1987 2258 ha-

309 2283 592 2359 ruspicem
622 2282 845 2352 videriS,
871 2282 918 2338 si
946 2280 1186 2353 fulserit,
1211 2283 1258 2338 si
1288 2282 1555 2350 tonuerit,
1578 2282 1624 2337 si
1645 2288 1862 2338 tactum
1892 2280 1987 2337 ali-

311 2362 452 2439 quid
486 2362 592 2418 erit
625 2361 696 2418 de
729 2361 902 2431 caeIO,
927 2361 976 2418 si
1004 2362 1214 2418 ostenti
1249 2361 1432 2418 simile
1466 2368 1664 2417 natum
1697 2361 1986 2417 factumve

312 2442 640 2519 quippiam:
694 2461 936 2518 quorum
983 2461 1209 2498 necesse
1258 2449 1344 2498 est
1390 2442 1724 2517 plerumque
1772 2440 1988 2517 aliquid

311 2522 534 2579 eveniat
567 2528 632 2578 ut
664 2540 978 2598 numquam
1012 2521 1180 2577 liceat
1214 2522 1405 2597 quieta
1437 2528 1629 2577 mente
1664 2520 1983 2577 consistere.

314 2607 445 2659 150.
490 2601 831 2677 Perfugium
864 2601 1092 2658 videtur
1127 2602 1384 2657 omnium
1414 2600 1672 2657 laborum
1702 2606 1759 2656 ct
1788 2598 2000 2655 sollici-⁴

311 2682 578 2739 tudinum
608 2700 728 2738 esse
757 2700 1005 2738 somnuS.
1083 2680 1168 2737 At
1189 2700 1257 2738 ex
1280 2700 1347 2737 eo
1369 2681 1496 2757 ipso
1518 2679 1793 2757 plurimae
1824 2698 1988 2735 curae

310 2769 608 2837 metusque
638 2782 672 2817 n
678 2769 962 2818 ·1scuntur.
1049 2759 1161 2828 Qui
1192 2760 1466 2836 quidem
1451 2761 1561 2837 1psi
1590 2779 1692 2836 per
1720 2778 1777 2816 se
1798 2759 1989 2815 minus

309 2840 561 2898 valerent
602 2848 660 2897 et
701 2841 884 2917 magis
933 2847 1448 2910 contemnerentur,
1484 2840 1594 2897 nisi
1637 2839 1988 2895 somniorum

311 2921 701 3012 patrocinium
734 2920 1067 3012 philosophi
1110 2920 1488 3011 suscepissent
1527 2938 1632 2976 nec
1674 2920 1716 2976 ii
1758 2918 1989 2996 quidem

311 3001 808 3092 contemptissimi,
839 3000 987 3057 sed
972 3019 1033 3055 1n
1066 3000 1269 3075 primis
1303 2999 1454 3055 acuti
1489 3006 1546 3055 et
1587 2998 1992 3075 consequentia

311 3088 370 3137 et
410 3080 790 3158 repugnantia
820 3080 1098 3150 videnteS,
1136 3080 1234 3155 qui
1269 3099 1448 3155 prope
1492 3080 1603 3135 iam
1647 3078 1891 3135 absoluti
1934 3084 1991 3133 et

313 3161 553 3237 perfecti
582 3165 871 3235 putantur.
951 3159 1210 3228 Quorum
1241 3159 1500 3215 licentiae
1530 3158 1640 3215 nisi
1674 3157 1991 3213 Carneades
