2205 3431
105 3303 195 3353 h.

199 110 297 157 262
866 106 965 154 DE
998 104 1202 155 FATO.

201 228 321 267 esse
348 214 628 278 naturam,
653 213 719 265 ut
746 208 999 284 pondere
1027 213 1086 265 et
1105 207 1383 284 gravitate
1411 213 1708 265 moveatur
1734 227 1882 265 eam-

202 308 312 366 que
340 289 525 364 ipsam
554 307 674 345 esse
708 306 932 344 causam
963 307 1063 344 cur
1089 288 1172 344 ita
1191 287 1422 345 feratur.
1507 286 1782 345 Similiter
1809 287 1883 343 ad

202 369 525 425 animorum
558 373 751 423 motus
780 366 1131 424 voluntarios
1163 386 1280 423 non
1315 373 1401 424 est
1428 366 1766 443 requirenda
1793 387 1884 424 ex-

202 456 364 505 terna
398 465 579 503 causa.
665 446 859 503 Motus
893 447 1047 503 enim
1075 445 1429 503 voluntarius
1462 465 1589 502 eam
1622 454 1879 503 naturam

202 528 263 584 in
293 545 351 583 se
375 527 496 602 ipse
525 526 797 596 continet,
818 531 884 583 ut
905 525 981 582 sit
1000 526 1061 582 in
1082 532 1278 582 nostra
1299 532 1582 602 potestate
1604 525 1883 601 nobisque

202 613 415 683 pareat,
445 625 550 662 nec
584 604 647 662 id
678 606 800 662 sine
833 624 1015 662 causa.
1104 610 1195 662 26.
1241 605 1380 662 Eius
1414 605 1571 662 enim
1603 605 1685 661 rei
1717 624 1884 662 causa

203 687 328 762 ipsa
356 691 558 742 natura
585 692 687 741 est.
770 684 941 752 Quod
970 704 1101 741 cum
1130 685 1210 741 ita
1239 685 1330 753 sit,
1357 684 1495 760 quid
1524 690 1612 741 est
1639 703 1739 761 cur
1765 703 1885 741 non

206 765 392 821 omnis
413 764 806 840 pronuntiatio
835 770 934 821 aut
962 783 1092 821 vera
1119 770 1219 820 aut
1238 763 1382 820 falsa
1410 764 1500 835 sit,
1524 764 1636 820 nisi
1662 783 1886 820 conces-

206 845 444 901 serimus
484 844 608 900 fato
650 843 773 900 fieri
815 863 1204 920 quaecumque
1245 842 1422 900 fiant?
1503 842 1651 910 Quia
1690 843 1885 900 futura

206 943 350 994 vera,
376 923 580 999 inquit,
604 942 721 979 non
749 930 992 999 possunt
1020 942 1140 980 esse
1169 942 1250 994 ea,
1276 942 1419 999 quae
1448 941 1643 979 causas
1672 942 1772 979 cur
1797 922 1886 979 fu-

205 1012 334 1060 tura
366 1003 483 1059 sint
515 1021 632 1058 non
664 1001 894 1073 habent,
924 1002 1175 1059 habeant
1205 1003 1383 1079 igitur
1424 1022 1618 1059 causas
1658 1021 1886 1060 necesse

206 1090 293 1140 est
320 1102 402 1154 ea,
428 1101 570 1158 quae
598 1101 730 1138 vera
761 1089 910 1152 sunt,
935 1082 1016 1139 ita
1043 1101 1175 1139 cum
1209 1083 1516 1153 evenerint,
1538 1082 1662 1138 fato
1692 1101 1887 1139 evene-

205 1164 336 1219 rint.
421 1161 560 1218 XII.
620 1161 964 1218 Confectum
999 1163 1315 1237 negotium,
1347 1163 1393 1219 si
1425 1162 1657 1238 quidem
1690 1180 1888 1218 conce-

207 1242 460 1299 dendum
494 1241 602 1298 tibi
643 1248 727 1298 cst
762 1248 861 1299 aut
893 1242 1016 1298 fato
1051 1242 1246 1299 omnia
1276 1240 1398 1299 fieri
1440 1248 1539 1299 aut
1580 1241 1886 1317 quicquam

206 1322 328 1378 fieri
349 1340 515 1398 posse
545 1321 664 1378 sine
694 1341 874 1378 causa.
961 1320 1053 1378 27.
1089 1321 1188 1378 An
1216 1321 1379 1378 aliter
1397 1321 1537 1378 haec
1566 1321 1886 1378 enuntiatio

210 1422 338 1458 vera
379 1421 498 1458 esse
539 1420 657 1457 non
700 1407 892 1477 potest
928 1400 1183 1476 “Capiet
1216 1400 1589 1457 Numantiam
1633 1399 1883 1477 Scipi0,”

207 1482 409 1537 nisiex
437 1481 769 1537 aeternitate
799 1499 966 1536 causa
992 1499 1220 1536 causam
1249 1499 1437 1537 serens
1456 1480 1567 1537 hoc
1596 1481 1702 1537 erit
1724 1481 1889 1538 effec-

207 1562 370 1617 tura?
449 1561 547 1618 An
576 1560 684 1616 hoc
712 1560 921 1617 falsum
948 1560 1232 1636 potuisset
1259 1579 1394 1630 esse,
1420 1561 1469 1617 si
1496 1568 1642 1616 esset
1675 1579 1889 1616 sescen-

207 1641 282 1697 tis
316 1639 550 1697 saeculis
584 1647 714 1696 ante
744 1637 999 1696 dictum?
1081 1639 1173 1709 Et,
1199 1640 1247 1696 si
1273 1647 1397 1696 tum
1432 1659 1549 1696 non
1583 1647 1731 1696 esset
1759 1659 1890 1696 vera

207 1722 347 1777 haec
376 1721 694 1777 enuntiatio
725 1722 758 1747 “
778 1719 984 1796 Capiet
1011 1720 1384 1777 Numantiam
1414 1719 1663 1797 Scipio,''
1693 1739 1764 1776 ne
1794 1719 1889 1776 illa

210 1801 442 1877 quidem
477 1820 668 1857 eversa
700 1819 830 1857 vera
863 1806 948 1857 est
979 1799 1123 1856 haec
1158 1800 1476 1857 enuntiatio
1513 1801 1546 1827 ‘⁴
1566 1799 1737 1875 Cepit
1770 1799 1827 1855 N
1830 1820 1890 1855 u·

208 1881 484 1937 mantiam
527 1879 776 1955 Scipi0.’'
860 1879 1063 1936 Potest
1104 1880 1282 1954 igitur
1324 1880 1627 1956 quicquam
1668 1880 1889 1936 factum

210 1980 345 2031 esse,
372 1959 528 2035 quod.
555 1978 672 2015 non
700 1979 896 2016 verum
925 1959 1102 2016 fuerit
1129 1960 1391 2016 futurum
1420 1960 1575 2017 csse?
1643 1958 1794 2015 Nam
1823 1965 1889 2015 ut

211 2040 513 2117 praeterita
540 2058 606 2096 ea
625 2058 756 2095 vera
776 2039 1034 2109 dicimuS‚
1057 2059 1298 2115 quorum
1322 2040 1609 2115 superiore
1630 2046 1889 2114 tempore

212 2139 342 2176 vera
373 2119 550 2176 fuerit
581 2119 868 2189 instantia,
895 2119 974 2176 sic
1002 2119 1214 2190 futura,
1242 2138 1482 2195 quorum
1518 2118 1890 2195 consequenti

212 2208 469 2276 tempore
486 2218 616 2256 vera
638 2200 746 2256 erit
765 2199 1056 2270 instantia,
1076 2219 1143 2256 ea
1159 2219 1291 2256 vera
1308 2198 1577 2256 dicemus,
1643 2204 1734 2255 28.
1766 2198 1823 2255 N
1826 2218 1889 2255 ec

212 2280 259 2336 si
283 2299 451 2337 omne
475 2280 832 2336 enuntiatum
864 2285 964 2335 aut
991 2299 1187 2336 verum
1217 2285 1317 2336 aut
1343 2278 1552 2336 falsum
1581 2287 1682 2348 est,
1708 2278 1892 2355 sequi-

212 2367 306 2416 tur
323 2359 474 2416 illico
494 2379 612 2416 esse
634 2378 827 2415 causas
846 2359 921 2415 im
930 2358 1229 2416 mutabiles
1251 2378 1455 2435 easque
1473 2366 1727 2416 aeternas
1746 2377 1889 2435 quae

211 2439 553 2516 prohibeant
582 2441 884 2516 quicquam
915 2458 1074 2496 secus
1102 2439 1300 2506 cadere
1322 2447 1491 2516 atque
1513 2457 1770 2496 casurum
1795 2438 1886 2495 sit.

214 2519 502 2576 Fortuitae
537 2525 671 2575 sunt
697 2538 894 2576 causae
930 2538 1073 2596 quae
1106 2519 1352 2577 efficiant
1380 2525 1446 2575 ut
1472 2538 1600 2576 vere
1628 2518 1891 2575 dicantur

215 2618 358 2676 quae
380 2599 462 2656 ita
490 2599 750 2656 dicentur
780 2599 812 2625 ‘⁴
832 2599 1044 2656 Veniet
1063 2600 1126 2655 in
1156 2606 1413 2656 senatum
1437 2598 1637 2670 Cat0,”
1661 2617 1779 2655 non
1808 2598 1891 2654 in-

214 2678 399 2736 clusae
426 2679 485 2735 in
516 2699 702 2736 rerum
731 2686 932 2735 natura
959 2687 1129 2755 atque
1156 2679 1390 2736 mundo,
1458 2678 1536 2736 Et
1556 2686 1748 2736 tamen
1768 2685 1890 2734 tam

216 2766 301 2815 est
334 2759 689 2816 immutabile
722 2766 1041 2829 venturum,
1073 2779 1204 2816 cum
1238 2766 1322 2816 est
1351 2778 1563 2830 verum,
1597 2778 1766 2835 quam
1800 2777 1891 2814 ve-

216 2838 381 2906 nisse,
412 2857 515 2894 ncc
550 2838 623 2895 ob
653 2857 773 2894 eam
812 2858 1033 2895 causam
1067 2840 1252 2897 fatum
1286 2845 1386 2895 aut
1416 2840 1720 2895 necessitas
1753 2838 1892 2894 exti-

216 2916 518 2971 mescenda
559 2923 657 2972 est.
743 2916 972 2973 Etenim
1015 2918 1123 2974 erit
1165 2917 1422 2975 confiteri
1462 2936 1721 2976 necesse:
1774 2916 1890 2973 “Si

216 2991 356 3048 haec
390 2995 706 3051 enuntiatio
736 2998 752 3024 ⁶
771 2995 982 3052 Veniet
1009 2997 1069 3052 in
1097 2996 1482 3054 Tusculanum
1510 2997 1857 3055 Hortensius
1874 2996 1889 3024 ²

218 3089 349 3126 vera
388 3089 505 3125 non
547 3079 647 3141 ost,
693 3074 947 3147 sequitur
986 3082 1052 3131 ut
1092 3076 1236 3133 falsa
1283 3077 1412 3134 sit.''
1494 3077 1751 3146 Quorum
1794 3077 1889 3138 isti

219 3155 482 3203 neutrum
511 3148 742 3206 volunt:
780 3151 936 3223 quod.
963 3153 1084 3210 fieri
1113 3174 1230 3212 non
1257 3163 1464 3230 potest.
