2205 3431
582 118 836 179 LIB.11.,
858 118 1013 168 CAP.
1035 118 1330 180 L1.-L1v.‚
1356 118 1384 178 ς
1412 121 1650 168 106-110.
1867 122 1964 168 235

282 220 440 279 LIII.
466 221 635 289 Vide,
658 240 883 297 quaese,
904 220 1180 297 Cratippe
1200 227 1409 289 noster,
1433 240 1602 297 quam
1626 221 1742 277 sint
1763 221 1874 278 ista
1895 221 1961 278 si·

281 301 452 357 milia.
528 300 677 356 Nam
697 300 841 355 mihi
858 319 973 356 non
993 300 1273 357 videntur.
1347 300 1513 358 Oculi
1532 301 1684 356 enim
1704 320 1835 357 vera
1852 319 1965 357 cer-

281 388 482 437 nentes
504 387 744 436 utuntur
771 388 974 437 natura
1001 386 1174 456 atque
1203 397 1402 437 sensu:
1447 381 1640 448 animi,
1663 380 1708 436 si
1734 381 1962 456 quando

280 460 366 516 vel
395 460 754 516 vaticinando
777 460 865 516 vel
896 460 1237 516 somniando
1260 480 1391 516 vera
1412 459 1693 529 viderunt,
1715 460 1801 515 usi
1830 468 1962 517 sunt

280 541 518 596 fortuna
544 547 713 615 atque
744 559 890 596 casu,
962 539 1089 596 Nisi
1112 539 1264 596 forte
1293 558 1657 596 concessuros
1685 539 1794 595 tibi
1823 540 1964 595 exis-

279 620 451 676 timas
483 638 598 689 eost,
620 619 717 695 qui
747 619 971 675 somnia
996 638 1101 695 pro
1138 619 1375 675 somniis
1405 619 1633 686 habent,
1655 619 1702 675 si
1733 619 1962 695 quando

279 699 512 775 aliquod
543 699 828 755 somnium
860 718 1057 755 verum
1085 699 1342 767 evaserit,
1367 718 1484 755 non
1516 699 1575 755 id
1604 699 1847 755 fortuito
1876 718 1963 755 ac-

280 778 499 835 cidisse.
585 778 699 835 Sed
738 778 939 835 demus
977 778 1083 834 tibi
1119 778 1256 834 istas
1298 778 1439 834 duas
1481 778 1853 854 sumptioneS,
1879 798 1960 849 ea,

236 866 240 870 *
280 877 424 934 quae
452 859 719 933 λήμματα
748 858 1038 934 appellant
1067 857 1366 927 dialectici,
1393 856 1493 914 sed
1521 878 1627 914 nos
1655 857 1856 914 Latine
1885 858 1964 914 lo-

280 939 379 1012 qui
427 938 712 995 malumus
735 956 748 994 :
805 938 1135 1014 adsumptio
1181 945 1391 1008 tamen,
1432 957 1601 1014 quam
1653 937 1962 1010 πρόςληφιν

278 1017 453 1073 iidem
474 1025 826 1088 vocant,non
849 1017 1092 1074 dabitur.
1169 1022 1299 1074 109.
1327 1017 1598 1075 Adsumit
1616 1025 1807 1075 autem
1831 1018 1963 1075 Cra-

277 1097 474 1172 tippus
503 1097 612 1154 hoc
642 1097 850 1153 modo:
897 1097 931 1124 ‘⁴
951 1097 1099 1154 Sunt
1128 1104 1320 1154 antem
1343 1097 1784 1155 innumerabiles
1806 1118 1962 1175 prae-

279 1177 567 1233 sensiones
589 1197 705 1234 non
727 1176 1055 1234 fortuitae.”
1127 1176 1211 1235 At
1233 1196 1340 1253 ego
1364 1178 1493 1235 dico
1515 1178 1745 1235 nullam.
1813 1178 1961 1236 Vide

278 1263 491 1332 quanta
519 1257 593 1314 sit
622 1257 1018 1315 controversia.
1097 1257 1222 1314 Iam
1252 1257 1654 1334 adsumptione
1682 1277 1799 1314 non
1830 1277 1961 1314 con·

277 1355 432 1392 cessa
453 1336 608 1394 nulla
629 1337 918 1394 conclusio
942 1345 1043 1395 est.
1116 1338 1200 1394 At
1221 1338 1586 1414 impudentes
1609 1358 1820 1408 sumuS,
1844 1338 1958 1414 qui,

277 1435 408 1472 cum
430 1423 546 1473 tam
571 1418 935 1494 perspicuum
966 1418 1056 1489 sit,
1079 1437 1196 1474 non
1226 1417 1619 1475 concedamus,
1690 1416 1846 1485 Quid
1874 1425 1961 1475 est

275 1498 679 1573 perspicuum?
736 1498 919 1555 Multa
936 1517 1081 1568 vera,
1095 1498 1301 1575 inquit,
1317 1499 1566 1555 evadere.
1621 1496 1790 1567 Quid,
1805 1498 1961 1574 quod

274 1576 460 1633 multo
482 1577 645 1654 plura
666 1577 846 1635 falsa?
912 1577 1121 1634 Nonne
1143 1579 1268 1653 ipsa
1289 1578 1544 1648 varietaS,
1561 1596 1704 1653 quae
1726 1584 1812 1635 est
1833 1597 1961 1653 pro-

275 1656 398 1733 pria
417 1657 699 1730 fortunae,
716 1659 1012 1715 fortunam
1035 1677 1155 1717 esse
1179 1677 1423 1729 causam,
1438 1677 1553 1714 non
1580 1665 1836 1714 naturam
1861 1658 1961 1715 do-

275 1739 402 1795 cet?
474 1738 718 1808 Deinde,
740 1740 786 1795 si
817 1746 916 1796 tua
943 1740 1053 1796 ista
1080 1738 1386 1809 conclusiO,
1409 1738 1697 1815 Cratippe,
1714 1757 1846 1795 vera
1874 1745 1961 1795 est

273 1824 546 1875 —tecum
575 1820 727 1875 enim
762 1819 909 1876 mihi
936 1838 1024 1876 res
1053 1826 1412 1876 est—nonne
1441 1818 1724 1895 intellegis
1758 1818 1958 1876 eadem

275 1898 361 1954 uti
390 1917 556 1974 posse
585 1907 643 1957 et
671 1898 998 1975 haruspices
1032 1906 1090 1956 et
1119 1898 1502 1974 fulguratores
1535 1905 1593 1955 et
1622 1900 1958 1975 interpretes

276 1983 632 2035 ostentorum
678 1986 737 2035 et
778 1998 1019 2054 augures
1057 1986 1115 2036 et
1158 1979 1458 2055 sortilegos
1501 1986 1560 2036 et
1602 1978 1958 2036 Chaldaeos?

277 2075 519 2132 qnorum
542 2077 814 2134 generum
839 2058 1057 2115 nullum
1080 2067 1182 2129 est,
1196 2079 1264 2115 ex
1288 2078 1401 2134 quo
1425 2078 1540 2115 non
1560 2058 1792 2135 aliquid,
1811 2059 1957 2116 sicut

276 2137 632 2213 praedictum
663 2138 752 2208 sit,
774 2139 1026 2195 evaserit.
1099 2139 1255 2213 Ergo
1284 2146 1384 2195 aut
1406 2158 1472 2194 ea
1501 2158 1727 2214 quoque
1749 2157 1958 2214 genera

275 2216 573 2273 divinandi
614 2224 762 2288 sunt,
791 2237 932 2294 quae
974 2225 1038 2274 tu
1081 2219 1393 2274 rectissime
1436 2217 1742 2293 improba-S,
1767 2225 1881 2288 aut,
1908 2218 1955 2273 si

275 2315 343 2353 ea
382 2316 498 2353 non
546 2303 695 2365 sunt,
720 2316 837 2354 non
879 2296 1152 2373 intellego
1182 2317 1281 2354 cur
1313 2296 1451 2353 haec
1495 2297 1610 2353 duo
1655 2297 1785 2366 sint,
1812 2316 1956 2373 quae

275 2375 561 2452 relinquis,
629 2375 756 2444 Qua
783 2396 919 2453 ergo
949 2378 1168 2433 ratione
1197 2377 1336 2434 haec
1366 2377 1607 2446 induciS,
1633 2377 1831 2433 eadem
1861 2377 1958 2433 illa

274 2463 517 2532 possunt
540 2475 676 2525 esse,
704 2475 846 2532 quae
875 2456 1044 2513 tollis.

355 2534 507 2592 LIV.
598 2541 728 2592 110.
789 2535 943 2603 Quid
995 2555 1126 2593 vero
1169 2535 1342 2593 habet
1390 2535 1748 2593 auctoritatis
1795 2535 1957 2591 furor

274 2614 398 2684 iste,
426 2633 593 2690 quem
631 2615 889 2672 divinum
925 2616 1158 2686 vocatiS‚
1182 2623 1266 2687 nt,
1292 2635 1434 2692 quae
1469 2616 1695 2692 sapiens
1727 2634 1844 2671 non
1879 2615 1958 2670 vi-

274 2693 422 2764 deat,
455 2714 521 2751 ea
569 2695 761 2752 videat
808 2696 1040 2753 insanus
1088 2703 1148 2752 et
1196 2696 1261 2766 is,
1295 2696 1393 2774 qui
1437 2696 1719 2752 humanos
1760 2713 1956 2751 sensus

274 2774 542 2846 amiserit,
568 2774 794 2832 divinos
826 2776 1129 2832 adsecutus
1164 2777 1273 2833 sit?J
1355 2775 1605 2852 Sibyllae
1639 2794 1832 2831 versus
1862 2773 1958 2830 ob-

274 2873 579 2924 servamuS,
607 2873 749 2930 quos
782 2855 878 2911 illa
905 2856 1102 2912 furens
1135 2856 1352 2912 fudisse
1387 2856 1610 2912 dicitur.
1697 2853 1953 2922 Quorum

272 2933 551 3010 interpres
585 2954 768 3010 nuper
799 2934 944 2990 falsa
978 2935 1219 3011 quadam
1253 2935 1550 2991 hominum
1587 2934 1745 2990 fama
1777 2934 1957 2990 dictu-

271 3031 368 3069 rus
396 3014 455 3068 in
487 3021 684 3070 senatu
708 3013 1016 3090 putabatur
1045 3034 1194 3084 eum,
1217 3033 1385 3091 quem
1415 3034 1474 3071 re
1498 3034 1627 3070 vera
1647 3033 1839 3089 regem
1863 3012 1957 3069 ha-

273 3090 565 3163 bebamus,
603 3093 1007 3170 appellandum
1051 3113 1281 3170 quoque
1323 3113 1443 3150 esse
1485 3113 1693 3169 regem,
1727 3095 1774 3149 si
1818 3091 1956 3148 salvi

273 3189 394 3229 esse
437 3172 723 3230 vellemus
808 3172 940 3229 Hoc
975 3173 1023 3228 si
1056 3180 1144 3229 est
1177 3174 1236 3229 in
1271 3172 1444 3243 libris,
1475 3172 1535 3228 in
1570 3190 1741 3247 quem
1774 3170 1956 3226 homi-

2013 3287 2102 3349 f
