<?xml version="1.0" encoding="UTF-8"?>
<!DOCTYPE html PUBLIC "-//W3C//DTD XHTML 1.0 Transitional//EN"
    "http://www.w3.org/TR/xhtml1/DTD/xhtml1-transitional.dtd">
<html xmlns="http://www.w3.org/1999/xhtml" xml:lang="en" lang="en">
 <head>
  <title>
</title>
<meta http-equiv="Content-Type" content="text/html;charset=utf-8" />
  <meta name='ocr-system' content='tesseract 3.04.00' />
  <meta name='ocr-capabilities' content='ocr_page ocr_carea ocr_par ocr_line ocrx_word'/>
</head>
<body>
  <div class='ocr_page' id='page_1' title='image "./defato00cicegoog_0123.png"; bbox 0 0 2205 3431; ppageno 0'>
   <div class='ocr_carea' id='block_1_1' title="bbox 604 118 1960 181">
    <p class='ocr_par' dir='ltr' id='par_1_1' title="bbox 604 118 1960 181">
     <span class='ocr_line' id='line_1_1' title="bbox 604 118 1960 181; baseline 0 -14"><span class='ocrx_word' id='word_1_1' title='bbox 604 120 742 167; x_wconf 91' lang='lat' dir='ltr'><strong>LIB.</strong></span> <span class='ocrx_word' id='word_1_2' title='bbox 769 119 892 177; x_wconf 88' lang='lat'><strong>111.‚</strong></span> <span class='ocrx_word' id='word_1_3' title='bbox 923 119 1077 168; x_wconf 84' lang='lat' dir='ltr'><strong>CAP.</strong></span> <span class='ocrx_word' id='word_1_4' title='bbox 1110 119 1394 181; x_wconf 86' lang='lat' dir='ltr'><strong>V.-V111.‚</strong></span> <span class='ocrx_word' id='word_1_5' title='bbox 1425 118 1453 179; x_wconf 64' lang='grc' dir='ltr'><strong>δ</strong></span> <span class='ocrx_word' id='word_1_6' title='bbox 1485 122 1660 169; x_wconf 71' lang='grc'><strong>13·-19.</strong></span> <span class='ocrx_word' id='word_1_7' title='bbox 1866 121 1960 168; x_wconf 87' lang='grc'><strong>113</strong></span> 
     </span>
    </p>
   </div>
   <div class='ocr_carea' id='block_1_2' title="bbox 279 219 1966 3254">
    <p class='ocr_par' dir='ltr' id='par_1_2' title="bbox 279 219 1966 3254">
     <span class='ocr_line' id='line_1_2' title="bbox 280 219 1962 297; baseline 0 -20"><span class='ocrx_word' id='word_1_8' title='bbox 280 239 423 277; x_wconf 86' lang='lat' dir='ltr'><strong>rum.</strong></span> <span class='ocrx_word' id='word_1_9' title='bbox 507 219 674 277; x_wconf 80' lang='lat' dir='ltr'><strong>Alter</strong></span> <span class='ocrx_word' id='word_1_10' title='bbox 706 239 775 276; x_wconf 90' lang='lat' dir='ltr'><strong>ex</strong></span> <span class='ocrx_word' id='word_1_11' title='bbox 802 220 1329 296; x_wconf 78' lang='lat' dir='ltr'>perturbationibus</span> <span class='ocrx_word' id='word_1_12' title='bbox 1357 227 1765 297; x_wconf 79' lang='lat' dir='ltr'><strong>tempestatum</strong></span> <span class='ocrx_word' id='word_1_13' title='bbox 1794 227 1852 277; x_wconf 91' lang='lat' dir='ltr'><strong>et</strong></span> <span class='ocrx_word' id='word_1_14' title='bbox 1879 240 1962 277; x_wconf 89' lang='lat' dir='ltr'><strong>re-</strong></span> 
     </span>
     <span class='ocr_line' id='line_1_3' title="bbox 280 299 1958 376; baseline 0.001 -20"><span class='ocrx_word' id='word_1_15' title='bbox 280 300 452 376; x_wconf 90' lang='lat' dir='ltr'><strong>liquis</strong></span> <span class='ocrx_word' id='word_1_16' title='bbox 505 299 774 356; x_wconf 82' lang='lat' dir='ltr'><strong>motibus,</strong></span> <span class='ocrx_word' id='word_1_17' title='bbox 877 299 1106 357; x_wconf 86' lang='lat' dir='ltr'><strong>Tertius</strong></span> <span class='ocrx_word' id='word_1_18' title='bbox 1160 320 1229 357; x_wconf 89' lang='lat' dir='ltr'><strong>ex</strong></span> <span class='ocrx_word' id='word_1_19' title='bbox 1285 300 1696 357; x_wconf 79' lang='lat' dir='ltr'><strong>commoditate</strong></span> <span class='ocrx_word' id='word_1_20' title='bbox 1750 320 1958 371; x_wconf 88' lang='lat' dir='ltr'><strong>rerum,</strong></span> 
     </span>
     <span class='ocr_line' id='line_1_4' title="bbox 281 379 1961 471; baseline 0.001 -36"><span class='ocrx_word' id='word_1_21' title='bbox 281 398 421 454; x_wconf 89' lang='lat' dir='ltr'><strong>quas</strong></span> <span class='ocrx_word' id='word_1_22' title='bbox 442 379 805 455; x_wconf 79' lang='lat' dir='ltr'><strong>percipimUS,</strong></span> <span class='ocrx_word' id='word_1_23' title='bbox 831 385 888 435; x_wconf 91' lang='lat' dir='ltr'><strong>et</strong></span> <span class='ocrx_word' id='word_1_24' title='bbox 917 380 1097 471; x_wconf 88' lang='lat' dir='ltr'><strong>copia.</strong></span> <span class='ocrx_word' id='word_1_25' title='bbox 1183 380 1432 448; x_wconf 81' lang='lat' dir='ltr'><strong>Quartus</strong></span> <span class='ocrx_word' id='word_1_26' title='bbox 1461 400 1534 437; x_wconf 87' lang='lat' dir='ltr'><strong>ex</strong></span> <span class='ocrx_word' id='word_1_27' title='bbox 1564 388 1844 437; x_wconf 84' lang='lat' dir='ltr'><strong>astrorum</strong></span> <span class='ocrx_word' id='word_1_28' title='bbox 1876 400 1961 436; x_wconf 94' lang='lat' dir='ltr'><strong>or-</strong></span> 
     </span>
     <span class='ocr_line' id='line_1_5' title="bbox 280 458 1955 551; baseline 0 -36"><span class='ocrx_word' id='word_1_29' title='bbox 280 459 415 515; x_wconf 91' lang='lat' dir='ltr'><strong>dine</strong></span> <span class='ocrx_word' id='word_1_30' title='bbox 443 458 696 535; x_wconf 89' lang='lat' dir='ltr'><strong>caelique</strong></span> <span class='ocrx_word' id='word_1_31' title='bbox 725 460 1060 516; x_wconf 86' lang='lat' dir='ltr'><strong>constantia.</strong></span> <span class='ocrx_word' id='word_1_32' title='bbox 1146 459 1237 517; x_wconf 92' lang='lat' dir='ltr'><strong>De</strong></span> <span class='ocrx_word' id='word_1_33' title='bbox 1265 460 1663 551; x_wconf 85' lang='lat' dir='ltr'><strong>praesensione</strong></span> <span class='ocrx_word' id='word_1_34' title='bbox 1692 460 1955 517; x_wconf 87' lang='lat' dir='ltr'><strong>diximus.</strong></span> 
     </span>
     <span class='ocr_line' id='line_1_6' title="bbox 279 538 1961 614; baseline 0 -19"><span class='ocrx_word' id='word_1_35' title='bbox 279 538 372 595; x_wconf 91' lang='lat' dir='ltr'><strong>De</strong></span> <span class='ocrx_word' id='word_1_36' title='bbox 405 538 930 614; x_wconf 87' lang='lat' dir='ltr'><strong>perturbationibus</strong></span> <span class='ocrx_word' id='word_1_37' title='bbox 964 539 1300 596; x_wconf 91' lang='lat' dir='ltr'><strong>caelestibus</strong></span> <span class='ocrx_word' id='word_1_38' title='bbox 1334 547 1391 597; x_wconf 89' lang='lat' dir='ltr'><strong>et</strong></span> <span class='ocrx_word' id='word_1_39' title='bbox 1424 539 1728 597; x_wconf 84' lang='lat' dir='ltr'><strong>maritimis</strong></span> <span class='ocrx_word' id='word_1_40' title='bbox 1762 547 1820 597; x_wconf 89' lang='lat' dir='ltr'><strong>et</strong></span> <span class='ocrx_word' id='word_1_41' title='bbox 1854 546 1961 596; x_wconf 90' lang='lat' dir='ltr'><strong>ter-</strong></span> 
     </span>
     <span class='ocr_line' id='line_1_7' title="bbox 280 619 1961 710; baseline 0 -35"><span class='ocrx_word' id='word_1_42' title='bbox 280 619 432 675; x_wconf 90' lang='lat' dir='ltr'><strong>renis</strong></span> <span class='ocrx_word' id='word_1_43' title='bbox 475 638 592 675; x_wconf 91' lang='lat' dir='ltr'><strong>non</strong></span> <span class='ocrx_word' id='word_1_44' title='bbox 617 637 941 710; x_wconf 34' lang='lat' dir='ltr'><strong>‘possumus</strong></span> <span class='ocrx_word' id='word_1_45' title='bbox 982 619 1186 692; x_wconf 84' lang='lat' dir='ltr'><strong>dicere,</strong></span> <span class='ocrx_word' id='word_1_46' title='bbox 1218 639 1350 676; x_wconf 89' lang='lat' dir='ltr'><strong>cum</strong></span> <span class='ocrx_word' id='word_1_47' title='bbox 1394 639 1461 676; x_wconf 88' lang='lat' dir='ltr'><strong>ea</strong></span> <span class='ocrx_word' id='word_1_48' title='bbox 1501 619 1657 687; x_wconf 86' lang='lat' dir='ltr'><strong>fiant,</strong></span> <span class='ocrx_word' id='word_1_49' title='bbox 1688 638 1804 676; x_wconf 90' lang='lat' dir='ltr'><strong>non</strong></span> <span class='ocrx_word' id='word_1_50' title='bbox 1840 638 1961 676; x_wconf 91' lang='lat' dir='ltr'><strong>esse</strong></span> 
     </span>
     <span class='ocr_line' id='line_1_8' title="bbox 279 698 1960 775; baseline 0.001 -21"><span class='ocrx_word' id='word_1_51' title='bbox 279 698 493 755; x_wconf 88' lang='lat' dir='ltr'><strong>multos</strong></span> <span class='ocrx_word' id='word_1_52' title='bbox 535 699 634 775; x_wconf 92' lang='lat' dir='ltr'><strong>qui</strong></span> <span class='ocrx_word' id='word_1_53' title='bbox 668 698 764 754; x_wconf 90' lang='lat' dir='ltr'><strong>illa</strong></span> <span class='ocrx_word' id='word_1_54' title='bbox 801 705 1062 756; x_wconf 89' lang='lat' dir='ltr'><strong>metuant</strong></span> <span class='ocrx_word' id='word_1_55' title='bbox 1102 705 1162 756; x_wconf 91' lang='lat' dir='ltr'><strong>et</strong></span> <span class='ocrx_word' id='word_1_56' title='bbox 1194 719 1229 755; x_wconf 84' lang='lat' dir='ltr'><strong>a</strong></span> <span class='ocrx_word' id='word_1_57' title='bbox 1260 699 1350 755; x_wconf 91' lang='lat' dir='ltr'><strong>dis</strong></span> <span class='ocrx_word' id='word_1_58' title='bbox 1381 699 1805 757; x_wconf 87' lang='lat' dir='ltr'><strong>immortalibus</strong></span> <span class='ocrx_word' id='word_1_59' title='bbox 1838 698 1960 756; x_wconf 89' lang='lat' dir='ltr'><strong>fieri</strong></span> 
     </span>
     <span class='ocr_line' id='line_1_9' title="bbox 280 778 1960 856; baseline 0 -21"><span class='ocrx_word' id='word_1_60' title='bbox 280 778 624 835; x_wconf 85' lang='lat' dir='ltr'><strong>existiment.</strong></span> <span class='ocrx_word' id='word_1_61' title='bbox 713 779 803 835; x_wconf 87' lang='lat'><strong>17.</strong></span> <span class='ocrx_word' id='word_1_62' title='bbox 850 778 964 835; x_wconf 87' lang='lat' dir='ltr'><strong>Sed</strong></span> <span class='ocrx_word' id='word_1_63' title='bbox 992 798 1109 835; x_wconf 92' lang='lat' dir='ltr'><strong>non</strong></span> <span class='ocrx_word' id='word_1_64' title='bbox 1139 778 1202 835; x_wconf 82' lang='lat' dir='ltr'><strong>id</strong></span> <span class='ocrx_word' id='word_1_65' title='bbox 1230 779 1534 856; x_wconf 89' lang='lat' dir='ltr'><strong>quaeritur,</strong></span> <span class='ocrx_word' id='word_1_66' title='bbox 1561 780 1749 836; x_wconf 89' lang='lat' dir='ltr'><strong>sintne</strong></span> <span class='ocrx_word' id='word_1_67' title='bbox 1783 779 1960 855; x_wconf 87' lang='lat' dir='ltr'><strong>aliqui</strong></span> 
     </span>
     <span class='ocr_line' id='line_1_10' title="bbox 281 858 1962 935; baseline 0 -20"><span class='ocrx_word' id='word_1_68' title='bbox 281 858 380 934; x_wconf 91' lang='lat' dir='ltr'><strong>qui</strong></span> <span class='ocrx_word' id='word_1_69' title='bbox 407 858 546 915; x_wconf 92' lang='lat' dir='ltr'><strong>deos</strong></span> <span class='ocrx_word' id='word_1_70' title='bbox 581 877 700 915; x_wconf 90' lang='lat' dir='ltr'><strong>esse</strong></span> <span class='ocrx_word' id='word_1_71' title='bbox 733 864 954 934; x_wconf 90' lang='lat' dir='ltr'><strong>putent,</strong></span> <span class='ocrx_word' id='word_1_72' title='bbox 979 858 1041 915; x_wconf 89' lang='lat' dir='ltr'><strong>di</strong></span> <span class='ocrx_word' id='word_1_73' title='bbox 1070 866 1260 916; x_wconf 89' lang='lat' dir='ltr'><strong>utrum</strong></span> <span class='ocrx_word' id='word_1_74' title='bbox 1299 859 1414 916; x_wconf 90' lang='lat' dir='ltr'><strong>sint</strong></span> <span class='ocrx_word' id='word_1_75' title='bbox 1446 878 1624 916; x_wconf 90' lang='lat' dir='ltr'><strong>necne</strong></span> <span class='ocrx_word' id='word_1_76' title='bbox 1653 860 1767 916; x_wconf 87' lang='lat' dir='ltr'><strong>sint</strong></span> <span class='ocrx_word' id='word_1_77' title='bbox 1797 878 1962 935; x_wconf 92' lang='lat' dir='ltr'><strong>quae-</strong></span> 
     </span>
     <span class='ocr_line' id='line_1_11' title="bbox 279 937 1958 1015; baseline 0.001 -21"><span class='ocrx_word' id='word_1_78' title='bbox 279 939 438 995; x_wconf 87' lang='lat' dir='ltr'><strong>ritur.</strong></span> <span class='ocrx_word' id='word_1_79' title='bbox 523 937 675 995; x_wconf 88' lang='lat' dir='ltr'><strong>Nam</strong></span> <span class='ocrx_word' id='word_1_80' title='bbox 708 938 957 1015; x_wconf 91' lang='lat' dir='ltr'><strong>reliquae</strong></span> <span class='ocrx_word' id='word_1_81' title='bbox 990 958 1207 1009; x_wconf 88' lang='lat' dir='ltr'><strong>causae,</strong></span> <span class='ocrx_word' id='word_1_82' title='bbox 1241 959 1379 1015; x_wconf 87' lang='lat' dir='ltr'><strong>quas</strong></span> <span class='ocrx_word' id='word_1_83' title='bbox 1413 938 1720 996; x_wconf 87' lang='lat' dir='ltr'><strong>Cleanthes</strong></span> <span class='ocrx_word' id='word_1_84' title='bbox 1753 940 1958 1009; x_wconf 82' lang='lat' dir='ltr'><strong>adfert,</strong></span> 
     </span>
     <span class='ocr_line' id='line_1_12' title="bbox 281 1018 1963 1096; baseline 0.002 -23"><span class='ocrx_word' id='word_1_85' title='bbox 281 1036 521 1093; x_wconf 88' lang='lat' dir='ltr'><strong>quarum</strong></span> <span class='ocrx_word' id='word_1_86' title='bbox 550 1037 665 1074; x_wconf 88' lang='lat' dir='ltr'><strong>una</strong></span> <span class='ocrx_word' id='word_1_87' title='bbox 696 1024 783 1074; x_wconf 89' lang='lat' dir='ltr'><strong>est</strong></span> <span class='ocrx_word' id='word_1_88' title='bbox 811 1018 883 1075; x_wconf 92' lang='lat' dir='ltr'><strong>de</strong></span> <span class='ocrx_word' id='word_1_89' title='bbox 915 1019 1369 1089; x_wconf 90' lang='lat' dir='ltr'><strong>commodorum,</strong></span> <span class='ocrx_word' id='word_1_90' title='bbox 1395 1039 1539 1095; x_wconf 90' lang='lat' dir='ltr'><strong>quae</strong></span> <span class='ocrx_word' id='word_1_91' title='bbox 1572 1020 1845 1096; x_wconf 82' lang='lat' dir='ltr'><strong>capimus,</strong></span> <span class='ocrx_word' id='word_1_92' title='bbox 1872 1038 1963 1076; x_wconf 91' lang='lat' dir='ltr'><strong>co-</strong></span> 
     </span>
     <span class='ocr_line' id='line_1_13' title="bbox 279 1097 1957 1176; baseline 0.001 -23"><span class='ocrx_word' id='word_1_93' title='bbox 279 1099 392 1174; x_wconf 87' lang='lat' dir='ltr'><strong>pia,</strong></span> <span class='ocrx_word' id='word_1_94' title='bbox 423 1098 599 1155; x_wconf 86' lang='lat' dir='ltr'><strong>altera</strong></span> <span class='ocrx_word' id='word_1_95' title='bbox 631 1097 702 1154; x_wconf 92' lang='lat' dir='ltr'><strong>de</strong></span> <span class='ocrx_word' id='word_1_96' title='bbox 736 1104 1062 1174; x_wconf 89' lang='lat' dir='ltr'><strong>temporum</strong></span> <span class='ocrx_word' id='word_1_97' title='bbox 1099 1099 1300 1156; x_wconf 90' lang='lat' dir='ltr'><strong>ordine</strong></span> <span class='ocrx_word' id='word_1_98' title='bbox 1334 1099 1586 1176; x_wconf 90' lang='lat' dir='ltr'><strong>caelique</strong></span> <span class='ocrx_word' id='word_1_99' title='bbox 1620 1100 1957 1169; x_wconf 89' lang='lat' dir='ltr'><strong>constantia,</strong></span> 
     </span>
     <span class='ocr_line' id='line_1_14' title="bbox 279 1177 1963 1255; baseline 0 -20"><span class='ocrx_word' id='word_1_100' title='bbox 279 1187 405 1235; x_wconf 89' lang='lat' dir='ltr'><strong>tum</strong></span> <span class='ocrx_word' id='word_1_101' title='bbox 435 1177 830 1235; x_wconf 88' lang='lat' dir='ltr'><strong>tractabuntur</strong></span> <span class='ocrx_word' id='word_1_102' title='bbox 856 1198 891 1234; x_wconf 90' lang='lat' dir='ltr'><strong>a</strong></span> <span class='ocrx_word' id='word_1_103' title='bbox 917 1178 1099 1249; x_wconf 79' lang='lat' dir='ltr'><strong>nobiS,</strong></span> <span class='ocrx_word' id='word_1_104' title='bbox 1126 1189 1257 1236; x_wconf 90' lang='lat' dir='ltr'><strong>cum</strong></span> <span class='ocrx_word' id='word_1_105' title='bbox 1286 1178 1708 1255; x_wconf 89' lang='lat' dir='ltr'><strong>disputabimus</strong></span> <span class='ocrx_word' id='word_1_106' title='bbox 1734 1178 1807 1235; x_wconf 92' lang='lat' dir='ltr'><strong>de</strong></span> <span class='ocrx_word' id='word_1_107' title='bbox 1834 1198 1963 1255; x_wconf 87' lang='lat' dir='ltr'><strong>pro-</strong></span> 
     </span>
     <span class='ocr_line' id='line_1_15' title="bbox 279 1257 1963 1335; baseline 0.001 -22"><span class='ocrx_word' id='word_1_108' title='bbox 279 1258 534 1314; x_wconf 90' lang='lat' dir='ltr'><strong>videntia</strong></span> <span class='ocrx_word' id='word_1_109' title='bbox 575 1257 830 1328; x_wconf 86' lang='lat' dir='ltr'><strong>deorum,</strong></span> <span class='ocrx_word' id='word_1_110' title='bbox 862 1258 934 1315; x_wconf 93' lang='lat' dir='ltr'><strong>de</strong></span> <span class='ocrx_word' id='word_1_111' title='bbox 977 1278 1089 1335; x_wconf 86' lang='lat' dir='ltr'><strong>qua</strong></span> <span class='ocrx_word' id='word_1_112' title='bbox 1126 1259 1373 1335; x_wconf 89' lang='lat' dir='ltr'><strong>plurima</strong></span> <span class='ocrx_word' id='word_1_113' title='bbox 1406 1278 1440 1314; x_wconf 85' lang='lat' dir='ltr'><strong>a</strong></span> <span class='ocrx_word' id='word_1_114' title='bbox 1471 1266 1546 1329; x_wconf 89' lang='lat' dir='ltr'><strong>te,</strong></span> <span class='ocrx_word' id='word_1_115' title='bbox 1577 1257 1775 1329; x_wconf 91' lang='lat' dir='ltr'><strong>Balbe,</strong></span> <span class='ocrx_word' id='word_1_116' title='bbox 1807 1258 1963 1315; x_wconf 87' lang='lat' dir='ltr'><strong>dicta</strong></span> 
     </span>
     <span class='ocr_line' id='line_1_16' title="bbox 280 1338 1963 1415; baseline 0.001 -21"><span class='ocrx_word' id='word_1_117' title='bbox 280 1344 429 1408; x_wconf 91' lang='lat' dir='ltr'><strong>sunt,</strong></span> <span class='ocrx_word' id='word_1_118' title='bbox 485 1343 575 1394; x_wconf 88' lang='grc'><strong>18.</strong></span> <span class='ocrx_word' id='word_1_119' title='bbox 633 1338 949 1415; x_wconf 90' lang='lat' dir='ltr'><strong>eodemque</strong></span> <span class='ocrx_word' id='word_1_120' title='bbox 1008 1338 1108 1395; x_wconf 88' lang='lat' dir='ltr'><strong>illa</strong></span> <span class='ocrx_word' id='word_1_121' title='bbox 1166 1339 1341 1395; x_wconf 90' lang='lat' dir='ltr'><strong>etiam</strong></span> <span class='ocrx_word' id='word_1_122' title='bbox 1402 1338 1748 1409; x_wconf 81' lang='lat' dir='ltr'><strong>differemuS,</strong></span> <span class='ocrx_word' id='word_1_123' title='bbox 1806 1338 1963 1415; x_wconf 94' lang='lat' dir='ltr'><strong>quod</strong></span> 
     </span>
     <span class='ocr_line' id='line_1_17' title="bbox 280 1417 1961 1495; baseline 0 -21"><span class='ocrx_word' id='word_1_124' title='bbox 280 1417 667 1494; x_wconf 83' lang='lat' dir='ltr'><strong>Chrysippum</strong></span> <span class='ocrx_word' id='word_1_125' title='bbox 705 1417 894 1475; x_wconf 86' lang='lat' dir='ltr'><strong>dicere</strong></span> <span class='ocrx_word' id='word_1_126' title='bbox 923 1417 1130 1489; x_wconf 75' lang='lat' dir='ltr'><strong>aiebas,</strong></span> <span class='ocrx_word' id='word_1_127' title='bbox 1164 1419 1435 1495; x_wconf 89' lang='lat' dir='ltr'><strong>quoniam</strong></span> <span class='ocrx_word' id='word_1_128' title='bbox 1471 1425 1618 1475; x_wconf 88' lang='lat' dir='ltr'><strong>esset</strong></span> <span class='ocrx_word' id='word_1_129' title='bbox 1651 1417 1869 1495; x_wconf 89' lang='lat' dir='ltr'><strong>aliquid</strong></span> <span class='ocrx_word' id='word_1_130' title='bbox 1902 1419 1961 1474; x_wconf 91' lang='lat' dir='ltr'><strong>in</strong></span> 
     </span>
     <span class='ocr_line' id='line_1_18' title="bbox 280 1497 1962 1574; baseline 0 -20"><span class='ocrx_word' id='word_1_131' title='bbox 280 1517 466 1555; x_wconf 86' lang='lat' dir='ltr'><strong>rerum</strong></span> <span class='ocrx_word' id='word_1_132' title='bbox 503 1504 704 1554; x_wconf 89' lang='lat' dir='ltr'><strong>natura</strong></span> <span class='ocrx_word' id='word_1_133' title='bbox 732 1498 888 1574; x_wconf 90' lang='lat' dir='ltr'><strong>quod</strong></span> <span class='ocrx_word' id='word_1_134' title='bbox 916 1497 987 1554; x_wconf 90' lang='lat' dir='ltr'><strong>ab</strong></span> <span class='ocrx_word' id='word_1_135' title='bbox 1016 1498 1251 1555; x_wconf 90' lang='lat' dir='ltr'><strong>homine</strong></span> <span class='ocrx_word' id='word_1_136' title='bbox 1285 1497 1432 1555; x_wconf 90' lang='lat' dir='ltr'><strong>effici</strong></span> <span class='ocrx_word' id='word_1_137' title='bbox 1460 1517 1577 1554; x_wconf 90' lang='lat' dir='ltr'><strong>non</strong></span> <span class='ocrx_word' id='word_1_138' title='bbox 1607 1506 1817 1574; x_wconf 93' lang='lat' dir='ltr'><strong>posset,</strong></span> <span class='ocrx_word' id='word_1_139' title='bbox 1842 1517 1962 1554; x_wconf 92' lang='lat' dir='ltr'><strong>esse</strong></span> 
     </span>
     <span class='ocr_line' id='line_1_19' title="bbox 279 1577 1961 1655; baseline 0 -21"><span class='ocrx_word' id='word_1_140' title='bbox 279 1577 514 1634; x_wconf 89' lang='lat' dir='ltr'><strong>homine</strong></span> <span class='ocrx_word' id='word_1_141' title='bbox 532 1577 751 1655; x_wconf 89' lang='lat' dir='ltr'><strong>aliquid</strong></span> <span class='ocrx_word' id='word_1_142' title='bbox 772 1578 991 1648; x_wconf 81' lang='lat' dir='ltr'><strong>meliuS,</strong></span> <span class='ocrx_word' id='word_1_143' title='bbox 1010 1598 1267 1655; x_wconf 88' lang='lat' dir='ltr'><strong>quaeque</strong></span> <span class='ocrx_word' id='word_1_144' title='bbox 1289 1579 1349 1635; x_wconf 91' lang='lat' dir='ltr'><strong>in</strong></span> <span class='ocrx_word' id='word_1_145' title='bbox 1374 1578 1549 1635; x_wconf 89' lang='lat' dir='ltr'><strong>domo</strong></span> <span class='ocrx_word' id='word_1_146' title='bbox 1571 1578 1809 1654; x_wconf 86' lang='lat' dir='ltr'><strong>pulchra</strong></span> <span class='ocrx_word' id='word_1_147' title='bbox 1830 1597 1961 1634; x_wconf 86' lang='lat' dir='ltr'><strong>eum</strong></span> 
     </span>
     <span class='ocr_line' id='line_1_20' title="bbox 280 1657 1963 1736; baseline 0 -22"><span class='ocrx_word' id='word_1_148' title='bbox 280 1657 705 1735; x_wconf 88' lang='lat' dir='ltr'><strong>pulchritudine</strong></span> <span class='ocrx_word' id='word_1_149' title='bbox 732 1658 935 1715; x_wconf 90' lang='lat' dir='ltr'><strong>mundi</strong></span> <span class='ocrx_word' id='word_1_150' title='bbox 958 1658 1343 1736; x_wconf 79' lang='lat' dir='ltr'><strong>comparabaS,</strong></span> <span class='ocrx_word' id='word_1_151' title='bbox 1369 1664 1426 1715; x_wconf 91' lang='lat' dir='ltr'><strong>et</strong></span> <span class='ocrx_word' id='word_1_152' title='bbox 1448 1678 1578 1715; x_wconf 91' lang='lat' dir='ltr'><strong>cum</strong></span> <span class='ocrx_word' id='word_1_153' title='bbox 1601 1658 1781 1714; x_wconf 85' lang='lat' dir='ltr'><strong>totius</strong></span> <span class='ocrx_word' id='word_1_154' title='bbox 1802 1677 1963 1714; x_wconf 90' lang='lat' dir='ltr'><strong>mun-</strong></span> 
     </span>
     <span class='ocr_line' id='line_1_21' title="bbox 282 1739 1963 1816; baseline -0.001 -20"><span class='ocrx_word' id='word_1_155' title='bbox 282 1740 342 1796; x_wconf 91' lang='lat' dir='ltr'><strong>di</strong></span> <span class='ocrx_word' id='word_1_156' title='bbox 377 1739 832 1796; x_wconf 87' lang='lat' dir='ltr'><strong>convenientiam</strong></span> <span class='ocrx_word' id='word_1_157' title='bbox 866 1758 1320 1816; x_wconf 90' lang='lat' dir='ltr'><strong>consensumque</strong></span> <span class='ocrx_word' id='word_1_158' title='bbox 1354 1739 1667 1809; x_wconf 81' lang='lat' dir='ltr'><strong>adferebaS,</strong></span> <span class='ocrx_word' id='word_1_159' title='bbox 1698 1739 1963 1796; x_wconf 91' lang='lat' dir='ltr'><strong>Zenonis-</strong></span> 
     </span>
     <span class='ocr_line' id='line_1_22' title="bbox 281 1819 1962 1896; baseline 0.001 -21"><span class='ocrx_word' id='word_1_160' title='bbox 281 1838 392 1896; x_wconf 89' lang='lat' dir='ltr'><strong>que</strong></span> <span class='ocrx_word' id='word_1_161' title='bbox 425 1819 623 1876; x_wconf 90' lang='lat' dir='ltr'><strong>breves</strong></span> <span class='ocrx_word' id='word_1_162' title='bbox 667 1826 725 1876; x_wconf 93' lang='lat' dir='ltr'><strong>et</strong></span> <span class='ocrx_word' id='word_1_163' title='bbox 766 1819 1019 1876; x_wconf 90' lang='lat' dir='ltr'><strong>acutulas</strong></span> <span class='ocrx_word' id='word_1_164' title='bbox 1061 1819 1453 1876; x_wconf 87' lang='lat' dir='ltr'><strong>conclusiones</strong></span> <span class='ocrx_word' id='word_1_165' title='bbox 1487 1819 1545 1875; x_wconf 91' lang='lat' dir='ltr'><strong>in</strong></span> <span class='ocrx_word' id='word_1_166' title='bbox 1582 1838 1708 1876; x_wconf 90' lang='lat' dir='ltr'><strong>eam</strong></span> <span class='ocrx_word' id='word_1_167' title='bbox 1741 1826 1962 1895; x_wconf 87' lang='lat' dir='ltr'><strong>partem</strong></span> 
     </span>
     <span class='ocr_line' id='line_1_23' title="bbox 281 1898 1962 1975; baseline 0 -20"><span class='ocrx_word' id='word_1_168' title='bbox 281 1898 574 1968; x_wconf 78' lang='lat' dir='ltr'><strong>sermonis,</strong></span> <span class='ocrx_word' id='word_1_169' title='bbox 612 1918 783 1975; x_wconf 86' lang='lat' dir='ltr'><strong>quam</strong></span> <span class='ocrx_word' id='word_1_170' title='bbox 839 1899 1015 1956; x_wconf 95' lang='lat' dir='ltr'><strong>modo</strong></span> <span class='ocrx_word' id='word_1_171' title='bbox 1071 1899 1210 1972; x_wconf 85' lang='lat' dir='ltr'><strong>dixi,</strong></span> <span class='ocrx_word' id='word_1_172' title='bbox 1255 1900 1601 1969; x_wconf 80' lang='lat' dir='ltr'><strong>differemuS‚</strong></span> <span class='ocrx_word' id='word_1_173' title='bbox 1646 1899 1962 1975; x_wconf 90' lang='lat' dir='ltr'><strong>eodemque</strong></span> 
     </span>
     <span class='ocr_line' id='line_1_24' title="bbox 280 1977 1962 2057; baseline -0.001 -21"><span class='ocrx_word' id='word_1_174' title='bbox 280 1986 541 2055; x_wconf 89' lang='lat' dir='ltr'><strong>tempore</strong></span> <span class='ocrx_word' id='word_1_175' title='bbox 570 1977 666 2034; x_wconf 90' lang='lat' dir='ltr'><strong>illa</strong></span> <span class='ocrx_word' id='word_1_176' title='bbox 699 1979 908 2049; x_wconf 89' lang='lat' dir='ltr'><strong>omnia,</strong></span> <span class='ocrx_word' id='word_1_177' title='bbox 941 1998 1085 2055; x_wconf 89' lang='lat' dir='ltr'><strong>quae</strong></span> <span class='ocrx_word' id='word_1_178' title='bbox 1121 1998 1154 2036; x_wconf 89' lang='lat' dir='ltr'><strong>a</strong></span> <span class='ocrx_word' id='word_1_179' title='bbox 1185 1988 1244 2036; x_wconf 90' lang='lat' dir='ltr'><strong>te</strong></span> <span class='ocrx_word' id='word_1_180' title='bbox 1271 1980 1506 2057; x_wconf 86' lang='lat' dir='ltr'><strong>physice</strong></span> <span class='ocrx_word' id='word_1_181' title='bbox 1542 1979 1697 2036; x_wconf 87' lang='lat' dir='ltr'><strong>dicta</strong></span> <span class='ocrx_word' id='word_1_182' title='bbox 1729 1986 1863 2036; x_wconf 91' lang='lat' dir='ltr'><strong>sunt</strong></span> <span class='ocrx_word' id='word_1_183' title='bbox 1891 1979 1962 2035; x_wconf 91' lang='lat' dir='ltr'><strong>de</strong></span> 
     </span>
     <span class='ocr_line' id='line_1_25' title="bbox 282 2057 1963 2148; baseline 0 -33"><span class='ocrx_word' id='word_1_184' title='bbox 282 2059 339 2115; x_wconf 91' lang='lat' dir='ltr'><strong>vi</strong></span> <span class='ocrx_word' id='word_1_185' title='bbox 369 2077 537 2134; x_wconf 82' lang='lat' dir='ltr'><strong>ignea</strong></span> <span class='ocrx_word' id='word_1_186' title='bbox 569 2057 752 2135; x_wconf 91' lang='lat' dir='ltr'><strong>deque</strong></span> <span class='ocrx_word' id='word_1_187' title='bbox 787 2078 855 2115; x_wconf 88' lang='lat' dir='ltr'><strong>eo</strong></span> <span class='ocrx_word' id='word_1_188' title='bbox 890 2059 1090 2130; x_wconf 91' lang='lat' dir='ltr'><strong>calore,</strong></span> <span class='ocrx_word' id='word_1_189' title='bbox 1118 2079 1187 2116; x_wconf 87' lang='lat' dir='ltr'><strong>ex</strong></span> <span class='ocrx_word' id='word_1_190' title='bbox 1217 2079 1330 2148; x_wconf 86' lang='lat' dir='ltr'><strong>quo</strong></span> <span class='ocrx_word' id='word_1_191' title='bbox 1367 2059 1562 2115; x_wconf 88' lang='lat' dir='ltr'><strong>omnia</strong></span> <span class='ocrx_word' id='word_1_192' title='bbox 1594 2060 1852 2136; x_wconf 84' lang='lat' dir='ltr'><strong>generari</strong></span> <span class='ocrx_word' id='word_1_193' title='bbox 1882 2059 1963 2115; x_wconf 93' lang='lat' dir='ltr'><strong>di-</strong></span> 
     </span>
     <span class='ocr_line' id='line_1_26' title="bbox 283 2137 1963 2215; baseline 0 -20"><span class='ocrx_word' id='word_1_194' title='bbox 283 2138 464 2209; x_wconf 79' lang='lat' dir='ltr'><strong>cebaS,</strong></span> <span class='ocrx_word' id='word_1_195' title='bbox 492 2137 616 2194; x_wconf 87' lang='lat' dir='ltr'><strong>loco</strong></span> <span class='ocrx_word' id='word_1_196' title='bbox 651 2158 754 2195; x_wconf 91' lang='lat' dir='ltr'><strong>suo</strong></span> <span class='ocrx_word' id='word_1_197' title='bbox 791 2145 1148 2215; x_wconf 89' lang='lat' dir='ltr'><strong>quaerentur,</strong></span> <span class='ocrx_word' id='word_1_198' title='bbox 1174 2138 1495 2215; x_wconf 88' lang='lat' dir='ltr'><strong>omniaque,</strong></span> <span class='ocrx_word' id='word_1_199' title='bbox 1528 2158 1672 2215; x_wconf 90' lang='lat' dir='ltr'><strong>quae</strong></span> <span class='ocrx_word' id='word_1_200' title='bbox 1706 2158 1740 2195; x_wconf 89' lang='lat' dir='ltr'><strong>a</strong></span> <span class='ocrx_word' id='word_1_201' title='bbox 1772 2147 1829 2195; x_wconf 93' lang='lat' dir='ltr'><strong>te</strong></span> <span class='ocrx_word' id='word_1_202' title='bbox 1864 2158 1963 2195; x_wconf 92' lang='lat' dir='ltr'><strong>nu-</strong></span> 
     </span>
     <span class='ocr_line' id='line_1_27' title="bbox 283 2218 1959 2289; baseline 0.002 -15"><span class='ocrx_word' id='word_1_203' title='bbox 283 2219 413 2275; x_wconf 89' lang='lat' dir='ltr'><strong>dius</strong></span> <span class='ocrx_word' id='word_1_204' title='bbox 446 2218 648 2275; x_wconf 85' lang='lat' dir='ltr'><strong>tertius</strong></span> <span class='ocrx_word' id='word_1_205' title='bbox 682 2218 837 2275; x_wconf 90' lang='lat' dir='ltr'><strong>dicta</strong></span> <span class='ocrx_word' id='word_1_206' title='bbox 871 2225 1019 2289; x_wconf 89' lang='lat' dir='ltr'><strong>sunt,</strong></span> <span class='ocrx_word' id='word_1_207' title='bbox 1051 2238 1183 2276; x_wconf 92' lang='lat' dir='ltr'><strong>cum</strong></span> <span class='ocrx_word' id='word_1_208' title='bbox 1213 2219 1415 2276; x_wconf 88' lang='lat' dir='ltr'><strong>docere</strong></span> <span class='ocrx_word' id='word_1_209' title='bbox 1449 2218 1619 2275; x_wconf 92' lang='lat' dir='ltr'><strong>velles</strong></span> <span class='ocrx_word' id='word_1_210' title='bbox 1654 2219 1790 2275; x_wconf 91' lang='lat' dir='ltr'><strong>deos</strong></span> <span class='ocrx_word' id='word_1_211' title='bbox 1824 2238 1959 2278; x_wconf 83' lang='lat' dir='ltr'><strong>esse.</strong></span> 
     </span>
     <span class='ocr_line' id='line_1_28' title="bbox 285 2298 1962 2375; baseline -0.001 -20"><span class='ocrx_word' id='word_1_212' title='bbox 285 2318 398 2375; x_wconf 90' lang='lat' dir='ltr'><strong>qua</strong></span> <span class='ocrx_word' id='word_1_213' title='bbox 429 2318 490 2355; x_wconf 93' lang='lat' dir='ltr'><strong>re</strong></span> <span class='ocrx_word' id='word_1_214' title='bbox 523 2304 583 2354; x_wconf 91' lang='lat' dir='ltr'><strong>et</strong></span> <span class='ocrx_word' id='word_1_215' title='bbox 614 2298 865 2355; x_wconf 91' lang='lat' dir='ltr'><strong>mundus</strong></span> <span class='ocrx_word' id='word_1_216' title='bbox 893 2300 1188 2356; x_wconf 88' lang='lat' dir='ltr'><strong>universus</strong></span> <span class='ocrx_word' id='word_1_217' title='bbox 1221 2306 1279 2356; x_wconf 93' lang='lat' dir='ltr'><strong>et</strong></span> <span class='ocrx_word' id='word_1_218' title='bbox 1313 2298 1397 2355; x_wconf 88' lang='lat' dir='ltr'><strong>sol</strong></span> <span class='ocrx_word' id='word_1_219' title='bbox 1427 2305 1485 2355; x_wconf 91' lang='lat' dir='ltr'><strong>et</strong></span> <span class='ocrx_word' id='word_1_220' title='bbox 1512 2298 1647 2355; x_wconf 88' lang='lat' dir='ltr'><strong>luna</strong></span> <span class='ocrx_word' id='word_1_221' title='bbox 1680 2305 1737 2354; x_wconf 88' lang='lat' dir='ltr'><strong>et</strong></span> <span class='ocrx_word' id='word_1_222' title='bbox 1771 2298 1962 2355; x_wconf 88' lang='lat' dir='ltr'><strong>stellae</strong></span> 
     </span>
     <span class='ocr_line' id='line_1_29' title="bbox 285 2378 1965 2454; baseline 0 -20"><span class='ocrx_word' id='word_1_223' title='bbox 285 2396 513 2435; x_wconf 89' lang='lat' dir='ltr'><strong>sensum</strong></span> <span class='ocrx_word' id='word_1_224' title='bbox 548 2397 613 2434; x_wconf 90' lang='lat' dir='ltr'><strong>ac</strong></span> <span class='ocrx_word' id='word_1_225' title='bbox 645 2385 898 2435; x_wconf 90' lang='lat' dir='ltr'><strong>mentem</strong></span> <span class='ocrx_word' id='word_1_226' title='bbox 932 2378 1226 2449; x_wconf 87' lang='lat' dir='ltr'><strong>haberent,</strong></span> <span class='ocrx_word' id='word_1_227' title='bbox 1258 2381 1316 2435; x_wconf 89' lang='lat' dir='ltr'><strong>in</strong></span> <span class='ocrx_word' id='word_1_228' title='bbox 1350 2378 1501 2435; x_wconf 91' lang='lat' dir='ltr'><strong>idem</strong></span> <span class='ocrx_word' id='word_1_229' title='bbox 1533 2386 1763 2454; x_wconf 89' lang='lat' dir='ltr'><strong>tempus</strong></span> <span class='ocrx_word' id='word_1_230' title='bbox 1796 2398 1965 2435; x_wconf 87' lang='lat' dir='ltr'><strong>reser-</strong></span> 
     </span>
     <span class='ocr_line' id='line_1_30' title="bbox 283 2457 1962 2534; baseline -0.001 -20"><span class='ocrx_word' id='word_1_231' title='bbox 283 2458 447 2515; x_wconf 88' lang='lat' dir='ltr'><strong>vab0.</strong></span> <span class='ocrx_word' id='word_1_232' title='bbox 535 2462 626 2514; x_wconf 89' lang='lat'><strong>19.</strong></span> <span class='ocrx_word' id='word_1_233' title='bbox 664 2457 720 2514; x_wconf 89' lang='lat' dir='ltr'>A</span> <span class='ocrx_word' id='word_1_234' title='bbox 749 2464 807 2514; x_wconf 85' lang='lat' dir='ltr'><strong>te</strong></span> <span class='ocrx_word' id='word_1_235' title='bbox 836 2465 1028 2516; x_wconf 86' lang='lat' dir='ltr'><strong>autem</strong></span> <span class='ocrx_word' id='word_1_236' title='bbox 1050 2459 1205 2516; x_wconf 90' lang='lat' dir='ltr'><strong>idem</strong></span> <span class='ocrx_word' id='word_1_237' title='bbox 1229 2458 1368 2514; x_wconf 91' lang='lat' dir='ltr'><strong>illud</strong></span> <span class='ocrx_word' id='word_1_238' title='bbox 1393 2459 1567 2515; x_wconf 88' lang='lat' dir='ltr'><strong>etiam</strong></span> <span class='ocrx_word' id='word_1_239' title='bbox 1589 2464 1759 2534; x_wconf 90' lang='lat' dir='ltr'><strong>atque</strong></span> <span class='ocrx_word' id='word_1_240' title='bbox 1789 2458 1962 2514; x_wconf 89' lang='lat' dir='ltr'><strong>etiam</strong></span> 
     </span>
     <span class='ocr_line' id='line_1_31' title="bbox 285 2537 1959 2614; baseline -0.001 -19"><span class='ocrx_word' id='word_1_241' title='bbox 285 2556 570 2614; x_wconf 90' lang='lat' dir='ltr'><strong>quaeram,</strong></span> <span class='ocrx_word' id='word_1_242' title='bbox 596 2537 803 2614; x_wconf 90' lang='lat' dir='ltr'><strong>quibus</strong></span> <span class='ocrx_word' id='word_1_243' title='bbox 830 2538 1148 2595; x_wconf 88' lang='lat' dir='ltr'><strong>rationibus</strong></span> <span class='ocrx_word' id='word_1_244' title='bbox 1176 2538 1283 2595; x_wconf 89' lang='lat' dir='ltr'><strong>tibi</strong></span> <span class='ocrx_word' id='word_1_245' title='bbox 1306 2538 1643 2614; x_wconf 88' lang='lat' dir='ltr'><strong>persuadeas</strong></span> <span class='ocrx_word' id='word_1_246' title='bbox 1666 2538 1803 2594; x_wconf 91' lang='lat' dir='ltr'><strong>deos</strong></span> <span class='ocrx_word' id='word_1_247' title='bbox 1825 2556 1959 2594; x_wconf 89' lang='lat' dir='ltr'><strong>esse.</strong></span> 
     </span>
     <span class='ocr_line' id='line_1_32' title="bbox 284 2616 1962 2695; baseline -0.002 -20"><span class='ocrx_word' id='word_1_248' title='bbox 284 2617 451 2676; x_wconf 94' lang='lat' dir='ltr'><strong>VIII.</strong></span> <span class='ocrx_word' id='word_1_249' title='bbox 488 2617 638 2674; x_wconf 88' lang='lat' dir='ltr'><strong>Tum</strong></span> <span class='ocrx_word' id='word_1_250' title='bbox 666 2616 915 2675; x_wconf 86' lang='lat' dir='ltr'><strong>Balbus:</strong></span> <span class='ocrx_word' id='word_1_251' title='bbox 960 2618 1245 2695; x_wconf 87' lang='lat' dir='ltr'><strong>Equidem</strong></span> <span class='ocrx_word' id='word_1_252' title='bbox 1274 2618 1530 2675; x_wconf 87' lang='lat' dir='ltr'><strong>attulisse</strong></span> <span class='ocrx_word' id='word_1_253' title='bbox 1552 2618 1800 2674; x_wconf 91' lang='lat' dir='ltr'><strong>rationes</strong></span> <span class='ocrx_word' id='word_1_254' title='bbox 1820 2617 1962 2673; x_wconf 85' lang='lat' dir='ltr'><strong>mihi</strong></span> 
     </span>
     <span class='ocr_line' id='line_1_33' title="bbox 284 2697 1966 2774; baseline -0.001 -19"><span class='ocrx_word' id='word_1_255' title='bbox 284 2698 498 2767; x_wconf 89' lang='lat' dir='ltr'><strong>videor,</strong></span> <span class='ocrx_word' id='word_1_256' title='bbox 525 2697 625 2754; x_wconf 92' lang='lat' dir='ltr'><strong>sed</strong></span> <span class='ocrx_word' id='word_1_257' title='bbox 652 2717 746 2754; x_wconf 89' lang='lat' dir='ltr'><strong>eas</strong></span> <span class='ocrx_word' id='word_1_258' title='bbox 773 2704 839 2754; x_wconf 90' lang='lat' dir='ltr'><strong>tu</strong></span> <span class='ocrx_word' id='word_1_259' title='bbox 869 2698 949 2755; x_wconf 87' lang='lat' dir='ltr'><strong>ita</strong></span> <span class='ocrx_word' id='word_1_260' title='bbox 968 2698 1198 2769; x_wconf 83' lang='lat' dir='ltr'><strong>refelliS,</strong></span> <span class='ocrx_word' id='word_1_261' title='bbox 1215 2705 1297 2769; x_wconf 91' lang='lat' dir='ltr'><strong>ut,</strong></span> <span class='ocrx_word' id='word_1_262' title='bbox 1322 2717 1454 2756; x_wconf 88' lang='lat' dir='ltr'><strong>cum</strong></span> <span class='ocrx_word' id='word_1_263' title='bbox 1475 2717 1569 2755; x_wconf 89' lang='lat' dir='ltr'><strong>me</strong></span> <span class='ocrx_word' id='word_1_264' title='bbox 1589 2698 1966 2774; x_wconf 85' lang='lat' dir='ltr'><strong>interrogatu-</strong></span> 
     </span>
     <span class='ocr_line' id='line_1_34' title="bbox 284 2777 1965 2854; baseline 0 -21"><span class='ocrx_word' id='word_1_265' title='bbox 284 2797 381 2834; x_wconf 89' lang='lat' dir='ltr'><strong>rus</strong></span> <span class='ocrx_word' id='word_1_266' title='bbox 409 2796 528 2834; x_wconf 89' lang='lat' dir='ltr'><strong>esse</strong></span> <span class='ocrx_word' id='word_1_267' title='bbox 558 2777 781 2834; x_wconf 88' lang='lat' dir='ltr'><strong>videare</strong></span> <span class='ocrx_word' id='word_1_268' title='bbox 811 2784 868 2834; x_wconf 88' lang='lat' dir='ltr'><strong>et</strong></span> <span class='ocrx_word' id='word_1_269' title='bbox 896 2797 1004 2854; x_wconf 84' lang='lat' dir='ltr'><strong>ego</strong></span> <span class='ocrx_word' id='word_1_270' title='bbox 1032 2797 1127 2835; x_wconf 91' lang='lat' dir='ltr'><strong>me</strong></span> <span class='ocrx_word' id='word_1_271' title='bbox 1156 2779 1227 2834; x_wconf 90' lang='lat' dir='ltr'><strong>ad</strong></span> <span class='ocrx_word' id='word_1_272' title='bbox 1249 2778 1710 2854; x_wconf 91' lang='lat' dir='ltr'><strong>respondendum</strong></span> <span class='ocrx_word' id='word_1_273' title='bbox 1739 2797 1965 2853; x_wconf 90' lang='lat' dir='ltr'><strong>compa-</strong></span> 
     </span>
     <span class='ocr_line' id='line_1_35' title="bbox 284 2857 1964 2934; baseline -0.001 -20"><span class='ocrx_word' id='word_1_274' title='bbox 284 2857 473 2927; x_wconf 85' lang='lat' dir='ltr'><strong>rarim,</strong></span> <span class='ocrx_word' id='word_1_275' title='bbox 498 2865 731 2933; x_wconf 91' lang='lat' dir='ltr'><strong>repente</strong></span> <span class='ocrx_word' id='word_1_276' title='bbox 759 2866 976 2914; x_wconf 85' lang='lat' dir='ltr'><strong>avertas</strong></span> <span class='ocrx_word' id='word_1_277' title='bbox 999 2858 1316 2915; x_wconf 88' lang='lat' dir='ltr'><strong>orationem</strong></span> <span class='ocrx_word' id='word_1_278' title='bbox 1334 2877 1440 2914; x_wconf 91' lang='lat' dir='ltr'><strong>nec</strong></span> <span class='ocrx_word' id='word_1_279' title='bbox 1460 2857 1561 2915; x_wconf 90' lang='lat' dir='ltr'><strong>des</strong></span> <span class='ocrx_word' id='word_1_280' title='bbox 1582 2857 1964 2934; x_wconf 88' lang='lat' dir='ltr'><strong>respondendi</strong></span> 
     </span>
     <span class='ocr_line' id='line_1_36' title="bbox 285 2937 1964 3014; baseline -0.001 -21"><span class='ocrx_word' id='word_1_281' title='bbox 285 2937 492 2994; x_wconf 88' lang='lat' dir='ltr'><strong>locum.</strong></span> <span class='ocrx_word' id='word_1_282' title='bbox 571 2937 771 3013; x_wconf 83' lang='lat' dir='ltr'><strong>Itaque</strong></span> <span class='ocrx_word' id='word_1_283' title='bbox 799 2938 1081 2995; x_wconf 91' lang='lat' dir='ltr'><strong>maximae</strong></span> <span class='ocrx_word' id='word_1_284' title='bbox 1110 2958 1197 2995; x_wconf 89' lang='lat' dir='ltr'><strong>res</strong></span> <span class='ocrx_word' id='word_1_285' title='bbox 1220 2938 1425 2995; x_wconf 90' lang='lat' dir='ltr'><strong>tacitae</strong></span> <span class='ocrx_word' id='word_1_286' title='bbox 1447 2938 1871 3014; x_wconf 87' lang='lat' dir='ltr'><strong>praeterierunt,</strong></span> <span class='ocrx_word' id='word_1_287' title='bbox 1893 2937 1964 2993; x_wconf 92' lang='lat' dir='ltr'><strong>de</strong></span> 
     </span>
     <span class='ocr_line' id='line_1_37' title="bbox 286 3017 1965 3095; baseline -0.001 -21"><span class='ocrx_word' id='word_1_288' title='bbox 286 3018 656 3087; x_wconf 84' lang='lat' dir='ltr'><strong>divinatione,</strong></span> <span class='ocrx_word' id='word_1_289' title='bbox 689 3018 760 3074; x_wconf 92' lang='lat' dir='ltr'><strong>de</strong></span> <span class='ocrx_word' id='word_1_290' title='bbox 793 3018 935 3088; x_wconf 81' lang='lat' dir='ltr'><strong>fato,</strong></span> <span class='ocrx_word' id='word_1_291' title='bbox 961 3018 1169 3095; x_wconf 89' lang='lat' dir='ltr'><strong>quibus</strong></span> <span class='ocrx_word' id='word_1_292' title='bbox 1198 3018 1268 3074; x_wconf 93' lang='lat' dir='ltr'><strong>de</strong></span> <span class='ocrx_word' id='word_1_293' title='bbox 1298 3017 1723 3094; x_wconf 87' lang='lat' dir='ltr'><strong>quaestionibus</strong></span> <span class='ocrx_word' id='word_1_294' title='bbox 1751 3024 1815 3073; x_wconf 89' lang='lat' dir='ltr'><strong>tu</strong></span> <span class='ocrx_word' id='word_1_295' title='bbox 1846 3017 1965 3092; x_wconf 85' lang='lat' dir='ltr'><strong>qui-</strong></span> 
     </span>
     <span class='ocr_line' id='line_1_38' title="bbox 288 3096 1965 3168; baseline -0.001 -14"><span class='ocrx_word' id='word_1_296' title='bbox 288 3098 417 3154; x_wconf 91' lang='lat' dir='ltr'><strong>dem</strong></span> <span class='ocrx_word' id='word_1_297' title='bbox 464 3098 724 3168; x_wconf 89' lang='lat' dir='ltr'><strong>strictim,</strong></span> <span class='ocrx_word' id='word_1_298' title='bbox 757 3099 935 3154; x_wconf 89' lang='lat' dir='ltr'><strong>nostri</strong></span> <span class='ocrx_word' id='word_1_299' title='bbox 970 3105 1159 3155; x_wconf 88' lang='lat' dir='ltr'><strong>autem</strong></span> <span class='ocrx_word' id='word_1_300' title='bbox 1196 3097 1378 3154; x_wconf 90' lang='lat' dir='ltr'><strong>multa</strong></span> <span class='ocrx_word' id='word_1_301' title='bbox 1410 3097 1595 3153; x_wconf 92' lang='lat' dir='ltr'><strong>solent</strong></span> <span class='ocrx_word' id='word_1_302' title='bbox 1632 3097 1833 3165; x_wconf 90' lang='lat' dir='ltr'><strong>dicere,</strong></span> <span class='ocrx_word' id='word_1_303' title='bbox 1866 3096 1965 3153; x_wconf 92' lang='lat' dir='ltr'><strong>sed</strong></span> 
     </span>
     <span class='ocr_line' id='line_1_39' title="bbox 286 3176 1966 3254; baseline -0.002 -22"><span class='ocrx_word' id='word_1_304' title='bbox 286 3176 360 3233; x_wconf 91' lang='lat' dir='ltr'><strong>ab</strong></span> <span class='ocrx_word' id='word_1_305' title='bbox 394 3176 500 3233; x_wconf 89' lang='lat' dir='ltr'><strong>hac</strong></span> <span class='ocrx_word' id='word_1_306' title='bbox 535 3196 601 3232; x_wconf 88' lang='lat' dir='ltr'><strong>ea</strong></span> <span class='ocrx_word' id='word_1_307' title='bbox 634 3178 979 3253; x_wconf 87' lang='lat' dir='ltr'><strong>quaestione,</strong></span> <span class='ocrx_word' id='word_1_308' title='bbox 1006 3197 1150 3254; x_wconf 91' lang='lat' dir='ltr'><strong>quae</strong></span> <span class='ocrx_word' id='word_1_309' title='bbox 1177 3197 1328 3233; x_wconf 90' lang='lat' dir='ltr'><strong>nunc</strong></span> <span class='ocrx_word' id='word_1_310' title='bbox 1357 3178 1416 3233; x_wconf 91' lang='lat' dir='ltr'><strong>in</strong></span> <span class='ocrx_word' id='word_1_311' title='bbox 1451 3176 1715 3231; x_wconf 82' lang='lat' dir='ltr'><strong>manibus</strong></span> <span class='ocrx_word' id='word_1_312' title='bbox 1753 3183 1854 3243; x_wconf 86' lang='lat' dir='ltr'><strong>est,</strong></span> <span class='ocrx_word' id='word_1_313' title='bbox 1886 3194 1966 3230; x_wconf 88' lang='lat' dir='ltr'><strong>sc-</strong></span> 
     </span>
    </p>
   </div>
   <div class='ocr_carea' id='block_1_3' title="bbox 2041 3244 2124 3302">
    <p class='ocr_par' dir='ltr' id='par_1_3' title="bbox 2041 3244 2124 3302">
     <span class='ocr_line' id='line_1_40' title="bbox 2041 3244 2124 3302; baseline 0 0"><span class='ocrx_word' id='word_1_314' title='bbox 2041 3244 2124 3302; x_wconf 70' lang='lat' dir='ltr'>s</span> 
     </span>
    </p>
   </div>
  </div>
 </body>
</html>
