<?xml version="1.0" encoding="UTF-8"?>
<!DOCTYPE html PUBLIC "-//W3C//DTD XHTML 1.0 Transitional//EN"
    "http://www.w3.org/TR/xhtml1/DTD/xhtml1-transitional.dtd">
<html xmlns="http://www.w3.org/1999/xhtml" xml:lang="en" lang="en">
 <head>
  <title>
</title>
<meta http-equiv="Content-Type" content="text/html;charset=utf-8" />
  <meta name='ocr-system' content='tesseract 3.04.00' />
  <meta name='ocr-capabilities' content='ocr_page ocr_carea ocr_par ocr_line ocrx_word'/>
</head>
<body>
  <div class='ocr_page' id='page_1' title='image "./defato00cicegoog_0093.png"; bbox 0 0 2205 3431; ppageno 0'>
   <div class='ocr_carea' id='block_1_1' title="bbox 544 132 2022 205">
    <p class='ocr_par' dir='ltr' id='par_1_1' title="bbox 544 132 2022 205">
     <span class='ocr_line' id='line_1_1' title="bbox 544 132 2022 205; baseline 0.001 -24"><span class='ocrx_word' id='word_1_1' title='bbox 544 133 683 183; x_wconf 88' lang='lat' dir='ltr'><strong>LIB.</strong></span> <span class='ocrx_word' id='word_1_2' title='bbox 707 133 803 194; x_wconf 89' lang='lat'>11.,</span> <span class='ocrx_word' id='word_1_3' title='bbox 825 132 981 183; x_wconf 85' lang='lat' dir='ltr'>CAP.</span> <span class='ocrx_word' id='word_1_4' title='bbox 1005 133 1466 205; x_wconf 57' lang='lat' dir='ltr'>XXXIX-XLI„</span> <span class='ocrx_word' id='word_1_5' title='bbox 1491 132 1518 193; x_wconf 68' lang='grc' dir='ltr'><strong>ἓ</strong></span> <span class='ocrx_word' id='word_1_6' title='bbox 1548 136 1760 183; x_wconf 85' lang='grc'>98-105.</span> <span class='ocrx_word' id='word_1_7' title='bbox 1930 137 1995 183; x_wconf 86' lang='grc'>83</span> <span class='ocrx_word' id='word_1_8' title='bbox 2019 169 2022 170; x_wconf 25' lang='lat'><em>⁷</em></span> 
     </span>
    </p>
   </div>
   <div class='ocr_carea' id='block_1_2' title="bbox 306 234 1997 1910">
    <p class='ocr_par' dir='ltr' id='par_1_2' title="bbox 306 234 1997 1910">
     <span class='ocr_line' id='line_1_2' title="bbox 314 234 1997 314; baseline 0.001 -22"><span class='ocrx_word' id='word_1_9' title='bbox 314 241 446 295; x_wconf 86' lang='grc'>103.</span> <span class='ocrx_word' id='word_1_10' title='bbox 480 234 640 293; x_wconf 88' lang='lat' dir='ltr'>Luna</span> <span class='ocrx_word' id='word_1_11' title='bbox 667 242 875 307; x_wconf 86' lang='lat' dir='ltr'>autem,</span> <span class='ocrx_word' id='word_1_12' title='bbox 900 255 1043 314; x_wconf 88' lang='lat' dir='ltr'>quae</span> <span class='ocrx_word' id='word_1_13' title='bbox 1071 243 1175 306; x_wconf 87' lang='lat' dir='ltr'>est,</span> <span class='ocrx_word' id='word_1_14' title='bbox 1201 242 1266 293; x_wconf 88' lang='lat' dir='ltr'>ut</span> <span class='ocrx_word' id='word_1_15' title='bbox 1295 235 1608 293; x_wconf 88' lang='lat' dir='ltr'>ostendunt</span> <span class='ocrx_word' id='word_1_16' title='bbox 1637 235 1997 294; x_wconf 79' lang='lat' dir='ltr'><strong>mathemati-</strong></span> 
     </span>
     <span class='ocr_line' id='line_1_3' title="bbox 311 316 1997 393; baseline 0.001 -21"><span class='ocrx_word' id='word_1_17' title='bbox 311 317 381 387; x_wconf 97' lang='lat' dir='ltr'>ci,</span> <span class='ocrx_word' id='word_1_18' title='bbox 398 316 581 373; x_wconf 88' lang='lat' dir='ltr'>maior</span> <span class='ocrx_word' id='word_1_19' title='bbox 608 335 777 393; x_wconf 92' lang='lat' dir='ltr'>quam</span> <span class='ocrx_word' id='word_1_20' title='bbox 808 316 1047 373; x_wconf 89' lang='lat' dir='ltr'>dimidia</span> <span class='ocrx_word' id='word_1_21' title='bbox 1075 335 1207 393; x_wconf 90' lang='lat' dir='ltr'>pars</span> <span class='ocrx_word' id='word_1_22' title='bbox 1228 324 1426 385; x_wconf 82' lang='lat' dir='ltr'>terrae,</span> <span class='ocrx_word' id='word_1_23' title='bbox 1450 316 1651 374; x_wconf 89' lang='lat' dir='ltr'>iisdem</span> <span class='ocrx_word' id='word_1_24' title='bbox 1684 317 1884 393; x_wconf 89' lang='lat' dir='ltr'>spatiis</span> <span class='ocrx_word' id='word_1_25' title='bbox 1906 336 1997 373; x_wconf 92' lang='lat' dir='ltr'>va·</span> 
     </span>
     <span class='ocr_line' id='line_1_4' title="bbox 309 396 1992 473; baseline 0 -20"><span class='ocrx_word' id='word_1_26' title='bbox 309 404 479 473; x_wconf 86' lang='lat' dir='ltr'>gatur</span> <span class='ocrx_word' id='word_1_27' title='bbox 507 397 714 472; x_wconf 89' lang='lat' dir='ltr'>quibus</span> <span class='ocrx_word' id='word_1_28' title='bbox 742 396 843 466; x_wconf 89' lang='lat' dir='ltr'>sol,</span> <span class='ocrx_word' id='word_1_29' title='bbox 865 397 964 453; x_wconf 90' lang='lat' dir='ltr'>sed</span> <span class='ocrx_word' id='word_1_30' title='bbox 985 405 1111 454; x_wconf 90' lang='lat' dir='ltr'>tum</span> <span class='ocrx_word' id='word_1_31' title='bbox 1142 397 1518 473; x_wconf 83' lang='lat' dir='ltr'>congrediens</span> <span class='ocrx_word' id='word_1_32' title='bbox 1547 416 1676 453; x_wconf 90' lang='lat' dir='ltr'>cum</span> <span class='ocrx_word' id='word_1_33' title='bbox 1709 396 1843 466; x_wconf 92' lang='lat' dir='ltr'>sole,</span> <span class='ocrx_word' id='word_1_34' title='bbox 1867 405 1992 453; x_wconf 89' lang='lat' dir='ltr'>tum</span> 
     </span>
     <span class='ocr_line' id='line_1_5' title="bbox 310 476 1996 554; baseline 0.001 -22"><span class='ocrx_word' id='word_1_35' title='bbox 310 476 647 553; x_wconf 83' lang='lat' dir='ltr'>degrediens</span> <span class='ocrx_word' id='word_1_36' title='bbox 676 483 733 534; x_wconf 92' lang='lat' dir='ltr'>et</span> <span class='ocrx_word' id='word_1_37' title='bbox 762 496 885 534; x_wconf 91' lang='lat' dir='ltr'>eam</span> <span class='ocrx_word' id='word_1_38' title='bbox 915 476 1117 547; x_wconf 90' lang='lat' dir='ltr'>lucem,</span> <span class='ocrx_word' id='word_1_39' title='bbox 1141 496 1310 554; x_wconf 90' lang='lat' dir='ltr'>quam</span> <span class='ocrx_word' id='word_1_40' title='bbox 1340 497 1375 533; x_wconf 90' lang='lat' dir='ltr'>a</span> <span class='ocrx_word' id='word_1_41' title='bbox 1403 476 1520 534; x_wconf 90' lang='lat' dir='ltr'>sole</span> <span class='ocrx_word' id='word_1_42' title='bbox 1550 477 1786 553; x_wconf 87' lang='lat' dir='ltr'>accepit,</span> <span class='ocrx_word' id='word_1_43' title='bbox 1811 477 1996 534; x_wconf 83' lang='lat' dir='ltr'>mittit</span> 
     </span>
     <span class='ocr_line' id='line_1_6' title="bbox 309 556 1995 634; baseline 0.001 -22"><span class='ocrx_word' id='word_1_44' title='bbox 309 556 369 612; x_wconf 92' lang='lat' dir='ltr'>in</span> <span class='ocrx_word' id='word_1_45' title='bbox 400 562 575 613; x_wconf 88' lang='lat' dir='ltr'>terras</span> <span class='ocrx_word' id='word_1_46' title='bbox 604 564 662 614; x_wconf 91' lang='lat' dir='ltr'>et</span> <span class='ocrx_word' id='word_1_47' title='bbox 690 557 871 613; x_wconf 85' lang='lat' dir='ltr'>varias</span> <span class='ocrx_word' id='word_1_48' title='bbox 900 557 1024 633; x_wconf 89' lang='lat' dir='ltr'>ipsa</span> <span class='ocrx_word' id='word_1_49' title='bbox 1051 556 1194 613; x_wconf 91' lang='lat' dir='ltr'>lucis</span> <span class='ocrx_word' id='word_1_50' title='bbox 1226 558 1578 614; x_wconf 89' lang='lat' dir='ltr'>mutationes</span> <span class='ocrx_word' id='word_1_51' title='bbox 1607 556 1796 628; x_wconf 85' lang='lat' dir='ltr'>habet,</span> <span class='ocrx_word' id='word_1_52' title='bbox 1823 564 1995 634; x_wconf 84' lang='lat' dir='ltr'>atque</span> 
     </span>
     <span class='ocr_line' id='line_1_7' title="bbox 310 636 1997 714; baseline 0.001 -22"><span class='ocrx_word' id='word_1_53' title='bbox 310 636 483 692; x_wconf 90' lang='lat' dir='ltr'>etiam</span> <span class='ocrx_word' id='word_1_54' title='bbox 506 644 629 694; x_wconf 88' lang='lat' dir='ltr'>tum</span> <span class='ocrx_word' id='word_1_55' title='bbox 660 636 915 693; x_wconf 86' lang='lat' dir='ltr'>subiecta</span> <span class='ocrx_word' id='word_1_56' title='bbox 942 644 1114 714; x_wconf 90' lang='lat' dir='ltr'>atque</span> <span class='ocrx_word' id='word_1_57' title='bbox 1144 638 1412 713; x_wconf 91' lang='lat' dir='ltr'>opposita</span> <span class='ocrx_word' id='word_1_58' title='bbox 1441 636 1548 694; x_wconf 91' lang='lat' dir='ltr'>soli</span> <span class='ocrx_word' id='word_1_59' title='bbox 1571 637 1759 694; x_wconf 90' lang='lat' dir='ltr'>radios</span> <span class='ocrx_word' id='word_1_60' title='bbox 1788 637 1909 694; x_wconf 90' lang='lat' dir='ltr'>eius</span> <span class='ocrx_word' id='word_1_61' title='bbox 1937 644 1997 693; x_wconf 90' lang='lat' dir='ltr'>et</span> 
     </span>
     <span class='ocr_line' id='line_1_8' title="bbox 308 715 1992 793; baseline 0.001 -22"><span class='ocrx_word' id='word_1_62' title='bbox 308 715 502 773; x_wconf 90' lang='lat' dir='ltr'>lumen</span> <span class='ocrx_word' id='word_1_63' title='bbox 532 716 811 786; x_wconf 88' lang='lat' dir='ltr'>obscurat,</span> <span class='ocrx_word' id='word_1_64' title='bbox 833 723 957 774; x_wconf 91' lang='lat' dir='ltr'>tum</span> <span class='ocrx_word' id='word_1_65' title='bbox 981 717 1106 793; x_wconf 88' lang='lat' dir='ltr'>ipsa</span> <span class='ocrx_word' id='word_1_66' title='bbox 1134 717 1392 774; x_wconf 90' lang='lat' dir='ltr'>incidens</span> <span class='ocrx_word' id='word_1_67' title='bbox 1415 718 1473 774; x_wconf 88' lang='lat' dir='ltr'>in</span> <span class='ocrx_word' id='word_1_68' title='bbox 1504 717 1763 774; x_wconf 86' lang='lat' dir='ltr'>umbram</span> <span class='ocrx_word' id='word_1_69' title='bbox 1794 724 1992 786; x_wconf 88' lang='lat' dir='ltr'>terrae,</span> 
     </span>
     <span class='ocr_line' id='line_1_9' title="bbox 309 796 1997 875; baseline 0.001 -23"><span class='ocrx_word' id='word_1_70' title='bbox 309 799 439 852; x_wconf 76' lang='lat' dir='ltr'>cum&#39;</span> <span class='ocrx_word' id='word_1_71' title='bbox 469 803 556 853; x_wconf 87' lang='lat' dir='ltr'>est</span> <span class='ocrx_word' id='word_1_72' title='bbox 583 816 614 854; x_wconf 98' lang='lat' dir='ltr'>e</span> <span class='ocrx_word' id='word_1_73' title='bbox 643 797 874 873; x_wconf 84' lang='lat' dir='ltr'>regione</span> <span class='ocrx_word' id='word_1_74' title='bbox 903 796 1053 866; x_wconf 90' lang='lat' dir='ltr'>solis,</span> <span class='ocrx_word' id='word_1_75' title='bbox 1077 798 1421 874; x_wconf 86' lang='lat' dir='ltr'>interpositu</span> <span class='ocrx_word' id='word_1_76' title='bbox 1446 797 1859 875; x_wconf 86' lang='lat' dir='ltr'>interiectuque</span> <span class='ocrx_word' id='word_1_77' title='bbox 1888 804 1997 854; x_wconf 87' lang='lat' dir='ltr'>ter-</span> 
     </span>
     <span class='ocr_line' id='line_1_10' title="bbox 307 875 1992 955; baseline 0.001 -23"><span class='ocrx_word' id='word_1_78' title='bbox 307 894 402 932; x_wconf 86' lang='lat' dir='ltr'>rae</span> <span class='ocrx_word' id='word_1_79' title='bbox 449 884 683 952; x_wconf 85' lang='lat' dir='ltr'>repente</span> <span class='ocrx_word' id='word_1_80' title='bbox 725 875 932 934; x_wconf 91' lang='lat' dir='ltr'>deficit.</span> <span class='ocrx_word' id='word_1_81' title='bbox 1022 876 1349 955; x_wconf 87' lang='lat' dir='ltr'>Iisdemque</span> <span class='ocrx_word' id='word_1_82' title='bbox 1394 878 1592 954; x_wconf 91' lang='lat' dir='ltr'>spatiis</span> <span class='ocrx_word' id='word_1_83' title='bbox 1637 897 1735 935; x_wconf 90' lang='lat' dir='ltr'>eae</span> <span class='ocrx_word' id='word_1_84' title='bbox 1782 876 1992 947; x_wconf 87' lang='lat' dir='ltr'>stellae,</span> 
     </span>
     <span class='ocr_line' id='line_1_11' title="bbox 309 956 1995 1033; baseline 0.001 -21"><span class='ocrx_word' id='word_1_85' title='bbox 309 974 449 1032; x_wconf 87' lang='lat' dir='ltr'>quas</span> <span class='ocrx_word' id='word_1_86' title='bbox 481 975 652 1033; x_wconf 86' lang='lat' dir='ltr'>vagas</span> <span class='ocrx_word' id='word_1_87' title='bbox 687 956 948 1027; x_wconf 81' lang='lat' dir='ltr'>dicimuS,</span> <span class='ocrx_word' id='word_1_88' title='bbox 975 957 1190 1014; x_wconf 87' lang='lat' dir='ltr'>circum</span> <span class='ocrx_word' id='word_1_89' title='bbox 1225 965 1435 1014; x_wconf 86' lang='lat' dir='ltr'>terram</span> <span class='ocrx_word' id='word_1_90' title='bbox 1470 958 1734 1014; x_wconf 87' lang='lat' dir='ltr'>feruntur</span> <span class='ocrx_word' id='word_1_91' title='bbox 1769 957 1995 1015; x_wconf 91' lang='lat' dir='ltr'>eodem-</span> 
     </span>
     <span class='ocr_line' id='line_1_12' title="bbox 309 1036 1992 1115; baseline 0.001 -23"><span class='ocrx_word' id='word_1_92' title='bbox 309 1054 419 1112; x_wconf 90' lang='lat' dir='ltr'>que</span> <span class='ocrx_word' id='word_1_93' title='bbox 453 1036 628 1094; x_wconf 89' lang='lat' dir='ltr'>modo</span> <span class='ocrx_word' id='word_1_94' title='bbox 664 1037 924 1094; x_wconf 91' lang='lat' dir='ltr'>oriuntur</span> <span class='ocrx_word' id='word_1_95' title='bbox 958 1045 1016 1094; x_wconf 89' lang='lat' dir='ltr'>et</span> <span class='ocrx_word' id='word_1_96' title='bbox 1051 1037 1339 1109; x_wconf 88' lang='lat' dir='ltr'>occidunt,</span> <span class='ocrx_word' id='word_1_97' title='bbox 1366 1057 1605 1115; x_wconf 89' lang='lat' dir='ltr'>quarum</span> <span class='ocrx_word' id='word_1_98' title='bbox 1641 1043 1835 1094; x_wconf 89' lang='lat' dir='ltr'>motus</span> <span class='ocrx_word' id='word_1_99' title='bbox 1867 1044 1992 1094; x_wconf 87' lang='lat' dir='ltr'>tum</span> 
     </span>
     <span class='ocr_line' id='line_1_13' title="bbox 307 1116 1989 1194; baseline 0.001 -22"><span class='ocrx_word' id='word_1_100' title='bbox 307 1116 633 1188; x_wconf 82' lang='lat' dir='ltr'>incitantur,</span> <span class='ocrx_word' id='word_1_101' title='bbox 670 1124 798 1174; x_wconf 87' lang='lat' dir='ltr'>tum</span> <span class='ocrx_word' id='word_1_102' title='bbox 846 1117 1221 1187; x_wconf 80' lang='lat' dir='ltr'>retardantur,</span> <span class='ocrx_word' id='word_1_103' title='bbox 1260 1137 1426 1194; x_wconf 85' lang='lat' dir='ltr'>saepe</span> <span class='ocrx_word' id='word_1_104' title='bbox 1477 1118 1650 1175; x_wconf 88' lang='lat' dir='ltr'>etiam</span> <span class='ocrx_word' id='word_1_105' title='bbox 1702 1118 1989 1174; x_wconf 90' lang='lat' dir='ltr'>insistunt.</span> 
     </span>
     <span class='ocr_line' id='line_1_14' title="bbox 311 1195 1992 1274; baseline 0.002 -23"><span class='ocrx_word' id='word_1_106' title='bbox 311 1201 441 1273; x_wconf 70' lang='lat'>104.</span> <span class='ocrx_word' id='word_1_107' title='bbox 479 1195 608 1265; x_wconf 83' lang='lat' dir='ltr'>Quo</span> <span class='ocrx_word' id='word_1_108' title='bbox 654 1198 977 1274; x_wconf 89' lang='lat' dir='ltr'>spectaculo</span> <span class='ocrx_word' id='word_1_109' title='bbox 1013 1197 1156 1254; x_wconf 93' lang='lat' dir='ltr'>nihil</span> <span class='ocrx_word' id='word_1_110' title='bbox 1192 1204 1385 1274; x_wconf 90' lang='lat' dir='ltr'>potest</span> <span class='ocrx_word' id='word_1_111' title='bbox 1420 1197 1811 1255; x_wconf 87' lang='lat' dir='ltr'>admirabilius</span> <span class='ocrx_word' id='word_1_112' title='bbox 1853 1217 1992 1269; x_wconf 88' lang='lat' dir='ltr'>esse,</span> 
     </span>
     <span class='ocr_line' id='line_1_15' title="bbox 306 1275 1996 1354; baseline 0.002 -23"><span class='ocrx_word' id='word_1_113' title='bbox 306 1275 451 1332; x_wconf 93' lang='lat' dir='ltr'>nihil</span> <span class='ocrx_word' id='word_1_114' title='bbox 468 1276 775 1353; x_wconf 72' lang='lat' dir='ltr'>pulchrius</span> <span class='ocrx_word' id='word_1_115' title='bbox 835 1277 1107 1354; x_wconf 85' lang='lat' dir='ltr'>Sequitur</span> <span class='ocrx_word' id='word_1_116' title='bbox 1125 1277 1414 1335; x_wconf 88' lang='lat' dir='ltr'>stellarum</span> <span class='ocrx_word' id='word_1_117' title='bbox 1429 1278 1800 1335; x_wconf 87' lang='lat' dir='ltr'>inerrantium</span> <span class='ocrx_word' id='word_1_118' title='bbox 1820 1278 1996 1334; x_wconf 86' lang='lat' dir='ltr'>maxi·</span> 
     </span>
     <span class='ocr_line' id='line_1_16' title="bbox 306 1356 1995 1434; baseline 0.001 -22"><span class='ocrx_word' id='word_1_119' title='bbox 306 1375 403 1413; x_wconf 90' lang='lat' dir='ltr'>ma</span> <span class='ocrx_word' id='word_1_120' title='bbox 428 1356 761 1428; x_wconf 90' lang='lat' dir='ltr'>multitud0‚</span> <span class='ocrx_word' id='word_1_121' title='bbox 783 1376 1023 1434; x_wconf 88' lang='lat' dir='ltr'>quarum</span> <span class='ocrx_word' id='word_1_122' title='bbox 1052 1358 1136 1414; x_wconf 89' lang='lat' dir='ltr'>ita</span> <span class='ocrx_word' id='word_1_123' title='bbox 1164 1357 1451 1434; x_wconf 83' lang='lat' dir='ltr'>descripta</span> <span class='ocrx_word' id='word_1_124' title='bbox 1478 1357 1776 1414; x_wconf 89' lang='lat' dir='ltr'>distinctio</span> <span class='ocrx_word' id='word_1_125' title='bbox 1806 1367 1908 1429; x_wconf 91' lang='lat' dir='ltr'>est,</span> <span class='ocrx_word' id='word_1_126' title='bbox 1929 1364 1995 1414; x_wconf 87' lang='lat' dir='ltr'>ut</span> 
     </span>
     <span class='ocr_line' id='line_1_17' title="bbox 307 1436 1995 1514; baseline 0.001 -22"><span class='ocrx_word' id='word_1_127' title='bbox 307 1455 377 1492; x_wconf 87' lang='lat' dir='ltr'>ex</span> <span class='ocrx_word' id='word_1_128' title='bbox 418 1443 684 1493; x_wconf 88' lang='lat' dir='ltr'>notarum</span> <span class='ocrx_word' id='word_1_129' title='bbox 719 1436 1027 1514; x_wconf 88' lang='lat' dir='ltr'>figurarum</span> <span class='ocrx_word' id='word_1_130' title='bbox 1073 1437 1450 1495; x_wconf 89' lang='lat' dir='ltr'>similitudine</span> <span class='ocrx_word' id='word_1_131' title='bbox 1491 1438 1728 1494; x_wconf 89' lang='lat' dir='ltr'>nomina</span> <span class='ocrx_word' id='word_1_132' title='bbox 1768 1438 1995 1495; x_wconf 90' lang='lat' dir='ltr'>invene-</span> 
     </span>
     <span class='ocr_line' id='line_1_18' title="bbox 307 1516 1995 1594; baseline 0.001 -23"><span class='ocrx_word' id='word_1_133' title='bbox 307 1516 438 1573; x_wconf 86' lang='lat' dir='ltr'>rint.</span> <span class='ocrx_word' id='word_1_134' title='bbox 510 1516 678 1573; x_wconf 90' lang='lat' dir='ltr'>XLI.</span> <span class='ocrx_word' id='word_1_135' title='bbox 711 1518 907 1594; x_wconf 90' lang='lat' dir='ltr'>Atque</span> <span class='ocrx_word' id='word_1_136' title='bbox 949 1517 1060 1574; x_wconf 94' lang='lat' dir='ltr'>hoc</span> <span class='ocrx_word' id='word_1_137' title='bbox 1102 1517 1230 1575; x_wconf 90' lang='lat' dir='ltr'>loco</span> <span class='ocrx_word' id='word_1_138' title='bbox 1273 1537 1365 1575; x_wconf 89' lang='lat' dir='ltr'>me</span> <span class='ocrx_word' id='word_1_139' title='bbox 1407 1518 1668 1575; x_wconf 87' lang='lat' dir='ltr'>intuens:</span> <span class='ocrx_word' id='word_1_140' title='bbox 1713 1517 1879 1589; x_wconf 86' lang='lat' dir='ltr'>Utar,</span> <span class='ocrx_word' id='word_1_141' title='bbox 1913 1518 1995 1574; x_wconf 90' lang='lat' dir='ltr'>in-</span> 
     </span>
     <span class='ocr_line' id='line_1_19' title="bbox 309 1596 1994 1675; baseline 0.002 -24"><span class='ocrx_word' id='word_1_142' title='bbox 309 1596 450 1672; x_wconf 84' lang='lat' dir='ltr'>quit,</span> <span class='ocrx_word' id='word_1_143' title='bbox 476 1596 822 1654; x_wconf 88' lang='lat' dir='ltr'>carminibus</span> <span class='ocrx_word' id='word_1_144' title='bbox 855 1596 1037 1668; x_wconf 88' lang='lat' dir='ltr'>Arati,</span> <span class='ocrx_word' id='word_1_145' title='bbox 1066 1598 1140 1655; x_wconf 88' lang='lat' dir='ltr'>iis</span> <span class='ocrx_word' id='word_1_146' title='bbox 1175 1617 1319 1675; x_wconf 89' lang='lat' dir='ltr'>quae</span> <span class='ocrx_word' id='word_1_147' title='bbox 1353 1616 1387 1654; x_wconf 91' lang='lat' dir='ltr'>a</span> <span class='ocrx_word' id='word_1_148' title='bbox 1417 1604 1476 1654; x_wconf 88' lang='lat' dir='ltr'>te</span> <span class='ocrx_word' id='word_1_149' title='bbox 1511 1597 1825 1654; x_wconf 90' lang='lat' dir='ltr'>admodum</span> <span class='ocrx_word' id='word_1_150' title='bbox 1858 1597 1994 1654; x_wconf 83' lang='lat' dir='ltr'>adu-</span> 
     </span>
     <span class='ocr_line' id='line_1_20' title="bbox 307 1674 1991 1755; baseline 0.001 -22"><span class='ocrx_word' id='word_1_151' title='bbox 307 1674 617 1734; x_wconf 89' lang='lat' dir='ltr'>lescentulo</span> <span class='ocrx_word' id='word_1_152' title='bbox 637 1695 908 1735; x_wconf 87' lang='lat' dir='ltr'>conversa</span> <span class='ocrx_word' id='word_1_153' title='bbox 925 1677 1006 1735; x_wconf 88' lang='lat' dir='ltr'>ita</span> <span class='ocrx_word' id='word_1_154' title='bbox 1025 1696 1120 1735; x_wconf 91' lang='lat' dir='ltr'>me</span> <span class='ocrx_word' id='word_1_155' title='bbox 1142 1677 1445 1743; x_wconf 80' lang='lat' dir='ltr'>delectant,</span> <span class='ocrx_word' id='word_1_156' title='bbox 1464 1677 1598 1755; x_wconf 88' lang='lat' dir='ltr'>quia</span> <span class='ocrx_word' id='word_1_157' title='bbox 1616 1677 1818 1735; x_wconf 85' lang='lat' dir='ltr'>Latina</span> <span class='ocrx_word' id='word_1_158' title='bbox 1840 1684 1991 1748; x_wconf 89' lang='lat' dir='ltr'>sunt,</span> 
     </span>
     <span class='ocr_line' id='line_1_21' title="bbox 307 1756 1994 1834; baseline 0.001 -21"><span class='ocrx_word' id='word_1_159' title='bbox 307 1763 374 1813; x_wconf 88' lang='lat' dir='ltr'>ut</span> <span class='ocrx_word' id='word_1_160' title='bbox 394 1756 576 1814; x_wconf 87' lang='lat' dir='ltr'>multa</span> <span class='ocrx_word' id='word_1_161' title='bbox 603 1758 764 1814; x_wconf 87' lang='lat' dir='ltr'>exiis</span> <span class='ocrx_word' id='word_1_162' title='bbox 792 1759 1071 1815; x_wconf 90' lang='lat' dir='ltr'>memoria</span> <span class='ocrx_word' id='word_1_163' title='bbox 1097 1766 1341 1816; x_wconf 85' lang='lat' dir='ltr'>teneam.</span> <span class='ocrx_word' id='word_1_164' title='bbox 1411 1758 1583 1834; x_wconf 84' lang='lat' dir='ltr'>ErgO,</span> <span class='ocrx_word' id='word_1_165' title='bbox 1603 1765 1670 1815; x_wconf 87' lang='lat' dir='ltr'>ut</span> <span class='ocrx_word' id='word_1_166' title='bbox 1692 1758 1870 1815; x_wconf 93' lang='lat' dir='ltr'>oculis</span> <span class='ocrx_word' id='word_1_167' title='bbox 1898 1757 1994 1814; x_wconf 90' lang='lat' dir='ltr'>ad-</span> 
     </span>
     <span class='ocr_line' id='line_1_22' title="bbox 309 1836 1840 1910; baseline 0.002 -18"><span class='ocrx_word' id='word_1_168' title='bbox 309 1836 470 1894; x_wconf 89' lang='lat' dir='ltr'>sidue</span> <span class='ocrx_word' id='word_1_169' title='bbox 498 1837 776 1910; x_wconf 79' lang='lat' dir='ltr'>videmuS,</span> <span class='ocrx_word' id='word_1_170' title='bbox 800 1839 920 1895; x_wconf 90' lang='lat' dir='ltr'>sine</span> <span class='ocrx_word' id='word_1_171' title='bbox 950 1838 1064 1895; x_wconf 89' lang='lat' dir='ltr'>ulla</span> <span class='ocrx_word' id='word_1_172' title='bbox 1091 1839 1411 1895; x_wconf 89' lang='lat' dir='ltr'>mutatione</span> <span class='ocrx_word' id='word_1_173' title='bbox 1440 1847 1540 1895; x_wconf 89' lang='lat' dir='ltr'>aut</span> <span class='ocrx_word' id='word_1_174' title='bbox 1568 1838 1840 1895; x_wconf 87' lang='lat' dir='ltr'>varietate</span> 
     </span>
    </p>
   </div>
   <div class='ocr_carea' id='block_1_3' title="bbox 438 1975 1777 2106">
    <p class='ocr_par' dir='ltr' id='par_1_3' title="bbox 438 1975 1777 2106">
     <span class='ocr_line' id='line_1_23' title="bbox 439 1975 1475 2036; baseline -0.001 -11"><span class='ocrx_word' id='word_1_175' title='bbox 439 1975 616 2025; x_wconf 82' lang='lat' dir='ltr'>Cetera</span> <span class='ocrx_word' id='word_1_176' title='bbox 637 1975 868 2025; x_wconf 85' lang='lat' dir='ltr'>labuntur</span> <span class='ocrx_word' id='word_1_177' title='bbox 890 1977 1036 2026; x_wconf 84' lang='lat' dir='ltr'>celeri</span> <span class='ocrx_word' id='word_1_178' title='bbox 1059 1976 1294 2026; x_wconf 79' lang='lat' dir='ltr'>caelestia</span> <span class='ocrx_word' id='word_1_179' title='bbox 1318 1985 1475 2036; x_wconf 87' lang='lat' dir='ltr'>motu,</span> 
     </span>
     <span class='ocr_line' id='line_1_24' title="bbox 438 2041 1777 2106; baseline -0.001 -17"><span class='ocrx_word' id='word_1_180' title='bbox 438 2041 569 2090; x_wconf 91' lang='lat' dir='ltr'>Cum</span> <span class='ocrx_word' id='word_1_181' title='bbox 591 2043 825 2105; x_wconf 87' lang='lat' dir='ltr'>caeloque</span> <span class='ocrx_word' id='word_1_182' title='bbox 848 2042 995 2091; x_wconf 88' lang='lat' dir='ltr'>simul</span> <span class='ocrx_word' id='word_1_183' title='bbox 1018 2053 1288 2106; x_wconf 87' lang='lat' dir='ltr'>noctesque</span> <span class='ocrx_word' id='word_1_184' title='bbox 1312 2042 1514 2105; x_wconf 87' lang='lat' dir='ltr'>diesque</span> <span class='ocrx_word' id='word_1_185' title='bbox 1537 2041 1777 2102; x_wconf 85' lang='lat' dir='ltr'>feruntur,</span> 
     </span>
    </p>
   </div>
   <div class='ocr_carea' id='block_1_4' title="bbox 309 2169 1993 2326">
    <p class='ocr_par' dir='ltr' id='par_1_4' title="bbox 309 2169 1993 2326">
     <span class='ocr_line' id='line_1_25' title="bbox 313 2169 1993 2248; baseline 0.001 -22"><span class='ocrx_word' id='word_1_186' title='bbox 313 2175 443 2228; x_wconf 85' lang='lat'>105.</span> <span class='ocrx_word' id='word_1_187' title='bbox 482 2190 727 2248; x_wconf 90' lang='lat' dir='ltr'>quorum</span> <span class='ocrx_word' id='word_1_188' title='bbox 769 2171 1256 2248; x_wconf 86' lang='lat' dir='ltr'>contemplatione</span> <span class='ocrx_word' id='word_1_189' title='bbox 1296 2169 1509 2228; x_wconf 86' lang='lat' dir='ltr'>nullius</span> <span class='ocrx_word' id='word_1_190' title='bbox 1553 2169 1767 2246; x_wconf 86' lang='lat' dir='ltr'>expleri</span> <span class='ocrx_word' id='word_1_191' title='bbox 1800 2177 1993 2247; x_wconf 88' lang='lat' dir='ltr'>potest</span> 
     </span>
     <span class='ocr_line' id='line_1_26' title="bbox 309 2249 1752 2326; baseline -0.001 -19"><span class='ocrx_word' id='word_1_192' title='bbox 309 2250 533 2308; x_wconf 85' lang='lat' dir='ltr'>animus</span> <span class='ocrx_word' id='word_1_193' title='bbox 560 2257 794 2309; x_wconf 87' lang='lat' dir='ltr'>naturae</span> <span class='ocrx_word' id='word_1_194' title='bbox 822 2251 1204 2308; x_wconf 86' lang='lat' dir='ltr'>constantiam</span> <span class='ocrx_word' id='word_1_195' title='bbox 1233 2249 1423 2308; x_wconf 90' lang='lat' dir='ltr'>videre</span> <span class='ocrx_word' id='word_1_196' title='bbox 1452 2250 1752 2326; x_wconf 79' lang='lat' dir='ltr'>cupientis,</span> 
     </span>
    </p>
   </div>
   <div class='ocr_carea' id='block_1_5' title="bbox 438 2389 1658 2519">
    <p class='ocr_par' dir='ltr' id='par_1_5' title="bbox 438 2389 1658 2519">
     <span class='ocr_line' id='line_1_27' title="bbox 438 2389 1658 2453; baseline 0 -16"><span class='ocrx_word' id='word_1_197' title='bbox 438 2390 805 2453; x_wconf 87' lang='lat' dir='ltr'>Extremusque</span> <span class='ocrx_word' id='word_1_198' title='bbox 827 2389 952 2439; x_wconf 81' lang='lat' dir='ltr'>adeo</span> <span class='ocrx_word' id='word_1_199' title='bbox 973 2389 1158 2453; x_wconf 89' lang='lat' dir='ltr'>duplici</span> <span class='ocrx_word' id='word_1_200' title='bbox 1180 2389 1243 2438; x_wconf 90' lang='lat' dir='ltr'>de</span> <span class='ocrx_word' id='word_1_201' title='bbox 1264 2389 1464 2438; x_wconf 83' lang='lat' dir='ltr'>cardine</span> <span class='ocrx_word' id='word_1_202' title='bbox 1484 2396 1658 2438; x_wconf 83' lang='lat' dir='ltr'>vertex</span> 
     </span>
     <span class='ocr_line' id='line_1_28' title="bbox 438 2454 946 2519; baseline 0.002 -15"><span class='ocrx_word' id='word_1_203' title='bbox 438 2455 639 2504; x_wconf 89' lang='lat' dir='ltr'>Dicitur</span> <span class='ocrx_word' id='word_1_204' title='bbox 659 2470 767 2504; x_wconf 89' lang='grc'>0550</span> <span class='ocrx_word' id='word_1_205' title='bbox 788 2454 946 2519; x_wconf 76' lang='lat' dir='ltr'>polus,</span> 
     </span>
    </p>
   </div>
   <div class='ocr_carea' id='block_1_6' title="bbox 308 2581 1991 2721">
    <p class='ocr_par' dir='ltr' id='par_1_6' title="bbox 308 2581 1991 2721">
     <span class='ocr_line' id='line_1_29' title="bbox 308 2581 1991 2658; baseline -0.001 -18"><span class='ocrx_word' id='word_1_206' title='bbox 308 2581 484 2640; x_wconf 88' lang='lat' dir='ltr'>Hunc</span> <span class='ocrx_word' id='word_1_207' title='bbox 526 2581 740 2640; x_wconf 90' lang='lat' dir='ltr'>circum</span> <span class='ocrx_word' id='word_1_208' title='bbox 777 2589 967 2642; x_wconf 88' lang='lat' dir='ltr'>arctoe</span> <span class='ocrx_word' id='word_1_209' title='bbox 1001 2581 1148 2640; x_wconf 87' lang='lat' dir='ltr'>duae</span> <span class='ocrx_word' id='word_1_210' title='bbox 1179 2581 1460 2653; x_wconf 87' lang='lat' dir='ltr'>feruntur,</span> <span class='ocrx_word' id='word_1_211' title='bbox 1489 2600 1805 2658; x_wconf 90' lang='lat' dir='ltr'>numquam</span> <span class='ocrx_word' id='word_1_212' title='bbox 1848 2581 1991 2638; x_wconf 91' lang='lat' dir='ltr'>occi·</span> 
     </span>
     <span class='ocr_line' id='line_1_30' title="bbox 310 2662 529 2721; baseline 0.005 -1"><span class='ocrx_word' id='word_1_213' title='bbox 310 2662 529 2721; x_wconf 74' lang='lat' dir='ltr'>dentes,</span> 
     </span>
    </p>
   </div>
   <div class='ocr_carea' id='block_1_7' title="bbox 438 2789 1677 2916">
    <p class='ocr_par' dir='ltr' id='par_1_7' title="bbox 438 2789 1677 2916">
     <span class='ocr_line' id='line_1_31' title="bbox 438 2789 1677 2853; baseline -0.002 -14"><span class='ocrx_word' id='word_1_214' title='bbox 438 2791 523 2839; x_wconf 87' lang='lat' dir='ltr'>Ex</span> <span class='ocrx_word' id='word_1_215' title='bbox 546 2790 623 2839; x_wconf 84' lang='lat' dir='ltr'>his</span> <span class='ocrx_word' id='word_1_216' title='bbox 645 2790 800 2839; x_wconf 83' lang='lat' dir='ltr'>altera</span> <span class='ocrx_word' id='word_1_217' title='bbox 820 2790 952 2853; x_wconf 82' lang='lat' dir='ltr'>apud</span> <span class='ocrx_word' id='word_1_218' title='bbox 975 2790 1154 2839; x_wconf 81' lang='lat' dir='ltr'>Graios</span> <span class='ocrx_word' id='word_1_219' title='bbox 1177 2789 1434 2853; x_wconf 80' lang='lat' dir='ltr'>Cynosura</span> <span class='ocrx_word' id='word_1_220' title='bbox 1454 2796 1677 2849; x_wconf 84' lang='lat' dir='ltr'>vocatur,</span> 
     </span>
     <span class='ocr_line' id='line_1_32' title="bbox 438 2856 1164 2916; baseline 0 -12"><span class='ocrx_word' id='word_1_221' title='bbox 438 2857 617 2906; x_wconf 82' lang='lat' dir='ltr'>Altera</span> <span class='ocrx_word' id='word_1_222' title='bbox 638 2857 822 2905; x_wconf 82' lang='lat' dir='ltr'>dicitur</span> <span class='ocrx_word' id='word_1_223' title='bbox 844 2870 950 2905; x_wconf 91' lang='lat' dir='ltr'>esse</span> <span class='ocrx_word' id='word_1_224' title='bbox 974 2856 1164 2916; x_wconf 89' lang='lat' dir='ltr'>Helice,</span> 
     </span>
    </p>
   </div>
   <div class='ocr_carea' id='block_1_8' title="bbox 306 2978 1990 3135">
    <p class='ocr_par' dir='ltr' id='par_1_8' title="bbox 306 2978 1990 3135">
     <span class='ocr_line' id='line_1_33' title="bbox 306 2978 1990 3062; baseline -0.002 -21"><span class='ocrx_word' id='word_1_225' title='bbox 306 2983 471 3041; x_wconf 89' lang='lat' dir='ltr'>cuius</span> <span class='ocrx_word' id='word_1_226' title='bbox 500 2984 733 3062; x_wconf 90' lang='lat' dir='ltr'>quidem</span> <span class='ocrx_word' id='word_1_227' title='bbox 761 2983 1099 3041; x_wconf 87' lang='lat' dir='ltr'>clarissimas</span> <span class='ocrx_word' id='word_1_228' title='bbox 1129 2981 1317 3039; x_wconf 87' lang='lat' dir='ltr'>stellas</span> <span class='ocrx_word' id='word_1_229' title='bbox 1345 2981 1484 3038; x_wconf 88' lang='lat' dir='ltr'>totis</span> <span class='ocrx_word' id='word_1_230' title='bbox 1517 2978 1786 3038; x_wconf 87' lang='lat' dir='ltr'>noctibus</span> <span class='ocrx_word' id='word_1_231' title='bbox 1814 2980 1990 3038; x_wconf 88' lang='lat' dir='ltr'>cerni-</span> 
     </span>
     <span class='ocr_line' id='line_1_34' title="bbox 306 3082 523 3135; baseline -0.005 -15"><span class='ocrx_word' id='word_1_232' title='bbox 306 3082 455 3135; x_wconf 80' lang='lat' dir='ltr'>muS,</span> <span class='ocrx_word' id='word_1_233' title='bbox 522 3116 523 3119; x_wconf 74' lang='grc'>,</span> 
     </span>
    </p>
   </div>
   <div class='ocr_carea' id='block_1_9' title="bbox 439 3191 1599 3256">
    <p class='ocr_par' dir='ltr' id='par_1_9' title="bbox 439 3191 1599 3256">
     <span class='ocr_line' id='line_1_35' title="bbox 439 3191 1599 3256; baseline -0.002 -14"><span class='ocrx_word' id='word_1_234' title='bbox 439 3193 575 3254; x_wconf 80' lang='lat' dir='ltr'>Quas</span> <span class='ocrx_word' id='word_1_235' title='bbox 597 3194 753 3243; x_wconf 88' lang='lat' dir='ltr'>nostri</span> <span class='ocrx_word' id='word_1_236' title='bbox 776 3202 962 3256; x_wconf 87' lang='lat' dir='ltr'>septem</span> <span class='ocrx_word' id='word_1_237' title='bbox 985 3192 1116 3241; x_wconf 83' lang='lat' dir='ltr'>soliti</span> <span class='ocrx_word' id='word_1_238' title='bbox 1138 3192 1353 3241; x_wconf 76' lang='lat' dir='ltr'>vocitare</span> <span class='ocrx_word' id='word_1_239' title='bbox 1374 3191 1599 3241; x_wconf 86' lang='lat' dir='ltr'>Triones.</span> 
     </span>
    </p>
   </div>
  </div>
 </body>
</html>
