2205 3431
224 130 242 175 ]
255 131 318 176 50
742 128 841 176 DE
875 128 1380 177 DIVINATIONE.

222 248 389 305 quam
423 228 628 285 habeat
658 228 774 284 vim
804 235 862 285 et
892 229 1056 305 quale
1085 230 1176 287 sit.
1262 230 1389 305 Ego
1419 231 1575 287 enim
1609 232 1690 289 sic
1718 233 1911 292 existiss

220 327 334 378 mo,
360 309 407 364 si
451 309 566 365 sint
608 328 675 365 ea
714 327 924 384 genera
963 309 1262 366 divinandi
1296 329 1443 381 vera,
1470 311 1542 367 de
1578 312 1786 388 quibus
1819 334 1909 371 ac·

220 388 477 464 cepimus
513 407 768 465 quaeque
812 388 1068 460 colimne,
1101 408 1222 446 esse
1258 390 1412 460 deOS‚
1444 391 1825 469 vicissimque,
1858 396 1910 452 si

220 468 282 524 di
311 468 441 537 sint,
467 488 587 525 esse
618 469 716 545 qui
751 468 1028 525 divinent.
1113 468 1218 526 VI.
1309 475 1399 527 10.
1437 471 1648 528 Arcem
1684 479 1749 529 tu
1786 475 1909 550 qui-

219 548 353 604 dem
383 547 727 619 Stoicorum,
750 548 1002 625 inquam,
1029 548 1261 619 Quinte,
1285 549 1567 622 defendiS,
1594 552 1640 607 si
1671 553 1908 628 quidem

219 628 330 684 ista
357 628 435 684 sic
465 628 903 704 reciprocantur,
927 635 990 685 ut
1008 636 1081 698 et,
1108 629 1157 685 si
1184 629 1464 687 divinatio
1488 631 1579 701 sit,
1604 632 1666 688 di
1684 632 1800 689 sint
1828 641 1905 703 et,

220 708 267 763 si
296 707 355 764 di
386 708 517 778 sint,
544 708 618 764 sit
647 708 942 765 divinatio,
1013 708 1271 776 Quorum
1302 717 1571 767 neutrum
1593 718 1711 768 tam
1736 713 1907 771 facile

221 807 391 864 quam
414 795 480 844 tu
508 787 796 845 arbitraris
823 789 1171 846 conceditur.
1237 789 1388 846 Nam
1418 796 1476 847 et
1503 798 1706 848 natura
1734 792 1909 868 signi-

219 866 374 924 ficari
415 868 612 924 futura
652 868 773 925 sine
815 868 925 925 deo
959 875 1202 945 possunt
1244 877 1317 940 et,
1342 876 1408 926 ut
1452 871 1568 927 sint
1602 872 1679 943 di,
1714 880 1908 948 potest

219 946 342 1003 fieri
376 955 440 1004 ut
468 947 624 1005 nulla
657 948 727 1005 ab
758 949 828 1005 iis
863 949 1143 1005 divinatio
1171 950 1368 1025 generi
1397 949 1653 1008 humano
1686 952 1909 1010 tributa

220 1027 310 1084 sit.
403 1028 596 1105 Atque
637 1028 766 1085 ille:
817 1028 964 1085 Mihi
1006 1048 1157 1098 vero,
1189 1030 1394 1106 inquit,
1428 1031 1565 1087 satis
1610 1039 1696 1088 est
1741 1052 1907 1109 argu-

218 1107 401 1164 menti
430 1115 487 1164 et
517 1127 635 1165 esse
665 1108 803 1165 deos
832 1115 889 1165 et
917 1109 1210 1166 consulere
1238 1109 1407 1167 rebus
1435 1109 1718 1182 humaniS‚
1746 1113 1907 1189 quod

220 1206 340 1243 esse
382 1187 532 1244 clara
575 1196 633 1245 et
682 1189 983 1265 perspicua
1024 1189 1396 1246 divinationis
1439 1210 1649 1267 genera
1689 1192 1901 1249 iudicO.

219 1266 310 1324 De
341 1268 547 1344 quibus
577 1268 716 1345 quid
744 1269 866 1345 ipse
901 1270 1164 1339 sentiam,
1192 1270 1239 1326 si
1268 1269 1472 1345 placet,
1494 1290 1795 1347 exponam,
1821 1273 1906 1329 ita

219 1354 428 1418 tamen,
451 1349 497 1404 si
521 1368 683 1405 vacas
710 1350 904 1406 animo
933 1369 1118 1426 neque
1142 1349 1316 1407 habes
1344 1349 1561 1427 aliquid
1590 1351 1747 1428 quod
1768 1352 1905 1409 huic

221 1429 466 1484 sermoni
487 1429 958 1504 praevertendum
977 1436 1160 1506 putes,
1219 1436 1307 1487 11.
1333 1430 1459 1506 Ego
1474 1450 1625 1502 ver0,
1646 1432 1903 1508 inquam,

219 1506 633 1584 philosophiae,
660 1508 890 1579 Quinte,
912 1529 1136 1585 semper
1155 1529 1311 1567 vacO.
1384 1510 1517 1567 Hoc
1545 1518 1739 1568 autem
1761 1519 1907 1569 tem-

219 1606 373 1663 pore,
399 1608 530 1645 cum
561 1590 634 1646 sit
662 1590 805 1645 nihil
835 1590 989 1646 aliud
1019 1590 1176 1666 quod
1197 1589 1440 1647 libenter
1466 1610 1633 1667 agere
1661 1592 1899 1668 possim,

218 1668 402 1726 multo
425 1670 609 1746 magis
626 1669 806 1727 haveo
829 1669 1024 1728 audire
1043 1670 1114 1728 de
1137 1670 1490 1728 divinatione
1514 1671 1654 1748 quid
1672 1673 1899 1731 sentias.

301 1749 480 1822 Nihil,
505 1751 709 1826 inquit,
732 1751 998 1828 equidem
1041 1751 1179 1808 novi
1212 1770 1316 1808 nec
1361 1751 1518 1827 quod
1559 1760 1783 1828 praeter
1815 1772 1906 1810 ce-

218 1834 371 1886 teros
403 1830 526 1905 ipse
565 1831 824 1888 sentiam.
927 1830 1078 1887 Nam
1114 1851 1245 1887 cum
1287 1831 1745 1908 antiquissimam
1781 1852 1905 1890 sen-

217 1910 458 1966 tentiam
499 1917 626 1966 tum
670 1911 926 1967 omnium
971 1911 1317 1987 populorum
1364 1919 1422 1968 et
1465 1913 1727 1987 gentium
1770 1932 1902 1969 con-

219 2009 386 2046 sensu
428 1989 858 2066 comprobatam
901 2010 1120 2067 sequor.
1205 1991 1340 2048 Duo
1387 1999 1520 2048 sunt
1565 1992 1718 2049 enim
1760 1993 1905 2050 divi-

217 2070 394 2126 nandi
433 2089 656 2146 genera,
680 2089 922 2146 quorum
957 2071 1197 2128 alterum
1232 2071 1369 2128 artis
1403 2077 1505 2142 est,
1530 2071 1770 2129 alterum
1805 2092 1904 2130 na-

217 2157 392 2207 turac.
481 2156 573 2208 12.
619 2150 779 2218 Quae
821 2159 906 2208 est
947 2158 1140 2208 autem
1184 2169 1326 2227 gens
1367 2158 1467 2208 aut
1510 2170 1653 2228 quae
1696 2152 1902 2209 civitas

219 2249 362 2306 quae
404 2250 518 2288 non
565 2238 665 2288 aut
706 2231 1045 2308 extispicum
1091 2239 1191 2288 aut
1231 2239 1488 2288 monstra
1528 2238 1628 2288 aut
1669 2232 1903 2309 fulgura

217 2311 716 2388 interpretantium
750 2319 848 2368 aut
891 2330 1170 2387 augurum
1208 2319 1306 2368 aut
1340 2311 1761 2387 astrologorum
1796 2320 1899 2370 aut

218 2392 607 2448 sortium—ea
647 2392 802 2448 enim
844 2392 964 2448 fere
1006 2392 1144 2448 artis
1186 2398 1501 2448 sunt—aut
1542 2392 1898 2449 somniorum

217 2479 315 2528 aut
336 2471 1030 2529 vaticinationum—haec
1059 2471 1213 2528 enim
1242 2470 1359 2528 duo
1387 2471 1670 2528 naturalia
1695 2478 1901 2548 putan-

216 2552 780 2629 tur—praedictione
820 2553 1154 2609 moveatur?
1241 2551 1498 2619 Quarum
1542 2552 1771 2628 quidem
1816 2570 1901 2609 re-

216 2651 342 2688 rum
372 2639 574 2690 eventa
600 2633 784 2709 magis
813 2631 1055 2690 arbitror
1084 2652 1256 2709 quam
1285 2651 1481 2689 causas
1511 2632 1704 2709 quaeri
1733 2651 1902 2708 opor-

215 2719 348 2769 tere.
435 2713 538 2770 Est
580 2713 733 2770 enim
776 2713 861 2768 vis
904 2719 963 2769 et
1002 2719 1207 2770 natura
1248 2712 1545 2788 quaedam,
1580 2731 1722 2788 quae
1764 2731 1898 2768 cum

216 2791 526 2849 observatis
547 2793 722 2869 longo
741 2799 1000 2869 tempore
1022 2791 1535 2869 significationibus
1555 2799 1681 2848 tum
1703 2791 1897 2868 aliquo

216 2871 490 2928 instinctu
517 2872 833 2949 inflatuque
862 2872 1059 2929 divino
1081 2873 1277 2929 futura
1304 2872 1685 2949 praenuntiat.
1756 2870 1894 2929 VII.

216 2950 343 3018 Qua
378 2970 438 3007 re
482 2952 713 3008 omittat
746 2971 946 3027 urgere
990 2952 1326 3023 Carneades,
1353 2952 1507 3029 quod
1537 2951 1785 3008 faciebat
1818 2958 1900 3008 et·

215 3029 330 3085 iam
366 3029 673 3086 Panaetius
707 3032 997 3106 requirens
1031 3031 1366 3108 Iuppiterne
1405 3031 1691 3088 cornicem
1724 3051 1759 3088 a
1789 3031 1900 3088 lae-

216 3128 302 3177 va,
337 3126 571 3164 corvum
614 3108 684 3164 ab
727 3110 927 3166 dextra
967 3130 1166 3167 canere
1208 3112 1480 3169 iussisset.
1583 3111 1899 3169 Observata

218 3194 352 3243 sunt
395 3187 534 3243 haec
579 3194 838 3262 tempore
881 3189 1164 3247 immenso
1210 3198 1268 3247 et
1314 3185 1426 3267 [in]
1480 3191 1898 3268 significatione
