2205 3431
235 111 300 157 60
676 108 776 155 DF
811 107 1113 156 NATURA
1145 105 1467 157 DEORUM.

234 216 514 280 naturam,
537 228 680 286 quae
710 229 908 266 omnes
936 228 1025 266 res
1054 209 1130 265 sit
1158 208 1471 286 complexa,
1491 227 1607 265 non
1639 209 1920 300 optimam

235 290 367 360 dici,
399 295 514 359 aut,
547 308 677 346 cum
722 290 797 346 sit
839 289 1075 366 optima,
1114 308 1230 344 non
1273 289 1526 365 primum
1568 289 1920 347 animantem

235 389 371 439 esse,
398 369 604 426 deinde
638 369 878 427 rationis
912 376 970 425 et
998 368 1226 425 consilii
1255 375 1600 445 compotem,
1626 376 1921 445 postremo

235 450 589 526 sapientem?
655 448 937 517 Quienim
959 455 1152 525 potest
1169 447 1332 505 aliter
1349 467 1469 505 esse
1488 449 1742 524 optima?
1811 449 1922 506 Ne-

236 550 345 606 que
375 530 546 600 enim,
568 529 615 585 si
637 529 902 605 stirpium
933 527 1135 585 similis
1164 528 1239 584 sit
1266 536 1366 585 aut
1393 528 1567 586 etiam
1588 527 1917 601 bestiarum,

235 610 457 686 optima
484 609 739 700 putanda
768 610 844 665 sit
870 609 1066 699 potius
1095 627 1266 686 quam
1297 608 1619 679 deterrima,
1638 627 1743 666 nec
1766 629 1917 680 ver0,

236 691 282 745 si
312 689 549 746 rationis
576 689 862 780 particeps
897 688 971 745 sit
999 707 1102 745 nec
1139 689 1213 744 sit
1241 695 1433 745 tamen
1462 708 1497 745 a
1523 688 1807 764 principio
1838 708 1921 745 83-

234 770 413 847 piens,
446 788 562 825 non
606 768 681 825 sit
715 768 964 825 deterior
994 768 1200 825 mundi
1235 769 1430 844 potius
1464 787 1635 844 quam
1670 767 1923 825 humana

235 848 532 905 condicio:
576 847 754 905 homo
797 849 951 905 enim
994 849 1222 925 sapiens
1263 847 1386 905 fieri
1428 855 1636 924 potest,
1667 848 1919 905 mundus

234 936 445 998 autem,
478 928 525 984 si
561 929 619 984 in
662 936 892 985 aeterno
934 928 1230 1005 praeteriti
1261 928 1539 1004 temporis
1581 928 1769 1004 spatio
1803 929 1921 985 fuit

234 1008 527 1084 insipienS,
563 1028 877 1085 numquam
920 1009 1185 1084 profecto
1213 1009 1568 1085 .sapientiam
1615 1027 1921 1085 conseque-

234 1095 362 1145 tur:
406 1088 490 1145 ita
517 1089 624 1146 erit
646 1088 880 1144 homine
903 1088 1164 1146 deterior.
1236 1087 1407 1156 Quod
1430 1087 1700 1164 quoniam
1726 1088 1919 1145 absur-

237 1169 374 1225 dum
411 1175 496 1225 est
529 1175 587 1225 et
621 1169 846 1244 sapiens
889 1187 923 1224 3
954 1168 1240 1244 principio
1273 1168 1525 1225 mundus
1559 1175 1616 1225 et
1651 1168 1791 1224 deus
1823 1167 1922 1224 ha-

235 1248 457 1305 bendus
499 1256 598 1305 est.
700 1249 791 1305 37.
837 1247 1040 1324 Neque
1082 1249 1234 1304 enim
1279 1254 1366 1304 est
1408 1247 1719 1324 quidquam
1764 1247 1921 1304 aliud

235 1336 460 1406 praeter
499 1328 799 1399 mundum,
835 1328 928 1384 cui
969 1327 1113 1384 nihil
1157 1327 1306 1384 absit
1347 1328 1616 1419 quodque
1665 1327 1920 1404 undique

236 1416 437 1486 aptum
483 1416 652 1485 atque
698 1408 1019 1484 perfectum
1070 1406 1477 1484 expletumque
1528 1407 1603 1464 sit
1649 1407 1919 1463 omnibus

238 1489 354 1545 suis
381 1489 633 1546 numeris
662 1496 719 1544 et
740 1488 1013 1564 partibus,
1082 1487 1249 1545 XlV.
1283 1488 1437 1558 Scite
1466 1487 1617 1543 enim
1650 1487 1922 1564 Chrysip-

237 1589 362 1644 puS‚
388 1576 453 1626 ut
482 1569 649 1645 clipei
679 1587 846 1625 causa
879 1567 1254 1637 involucrum,
1279 1567 1544 1643 vaginam
1580 1574 1772 1624 autem
1806 1568 1922 1643 gla-

239 1650 338 1720 dii,
364 1650 444 1706 sic
473 1657 697 1726 praeter
723 1647 1003 1704 mundum
1035 1654 1223 1704 cetera
1256 1647 1452 1703 omnia
1484 1647 1725 1703 aliorum
1755 1667 1923 1703 causa

239 1750 359 1787 esse
387 1737 672 1806 generata,
697 1737 762 1786 ut
791 1748 884 1786 eas
912 1729 1110 1804 fruges
1138 1735 1310 1804 atquc
1338 1728 1575 1798 fructuS‚
1603 1747 1745 1803 quos
1772 1735 1923 1783 terra

239 1811 444 1887 gignit,
455 1809 831 1866 animantium
854 1827 1037 1877 causa,
1054 1807 1373 1864 animantes
1391 1815 1582 1863 autem
1601 1807 1919 1878 hominum,

241 1901 306 1948 ut
347 1909 557 1966 equum
592 1888 836 1945 vehendi
880 1907 1063 1958 causa,
1095 1887 1294 1944 arandi
1329 1887 1552 1958 bovem,
1583 1887 1830 1943 venandi
1864 1893 1923 1944 et

241 1969 604 2028 custodiendi
633 1987 847 2025 canem.
932 1968 1064 2043 Ipse
1097 1974 1288 2024 autem
1325 1967 1502 2023 homo
1538 1977 1696 2023 ortus
1730 1974 1816 2023 est
1849 1966 1922 2023 ad

240 2050 519 2107 mundum
552 2048 1056 2125 contemplandum
1088 2054 1148 2104 et
1174 2047 1536 2117 imitandum,
1561 2046 1718 2102 nullo
1747 2047 1923 2102 modo

241 2131 547 2207 perfectuS‚
579 2128 680 2186 sed
721 2136 807 2185 est
850 2128 1127 2205 quaedam
1172 2126 1451 2204 particula
1483 2127 1739 2203 perfecti.
1828 2132 1920 2183 38.

242 2211 358 2269 Sed
390 2210 656 2302 munduS,
689 2209 957 2286 quoniam
1003 2208 1199 2264 omnia
1239 2206 1571 2282 complexus
1613 2213 1699 2263 est
1740 2225 1925 2282 neque

244 2298 330 2347 est
379 2291 681 2367 quicquam
706 2289 870 2381 quod
903 2308 1021 2345 non
1054 2288 1194 2343 insit
1227 2287 1286 2343 in
1322 2306 1407 2356 e0,
1439 2287 1730 2361 perfectus
1763 2286 1927 2342 undi-

245 2391 355 2448 que
389 2379 489 2428 est.
560 2369 673 2438 Qui
703 2369 880 2445 igitur
907 2375 1099 2445 potest
1128 2368 1181 2425 ei
1210 2367 1404 2423 deesse
1432 2367 1494 2423 id
1529 2366 1686 2458 quod
1714 2373 1800 2423 est
1829 2385 1929 2443 op-

245 2452 490 2509 timum?
573 2449 732 2506 Nihil
768 2457 854 2505 est
887 2456 1078 2505 autem
1121 2454 1315 2504 mente
1350 2453 1409 2503 et
1441 2447 1662 2503 ratione
1703 2445 1924 2503 melius,

244 2533 400 2607 Ergo
430 2531 567 2588 haec
596 2529 817 2586 mundo
847 2529 1040 2586 deesse
1069 2547 1187 2584 non
1216 2533 1472 2603 possunt.
1557 2526 1719 2583 Bene
1748 2526 1928 2602 igitur

244 2612 396 2669 idem
428 2610 803 2687 ChrysipPUS,
830 2609 927 2686 qui
957 2608 1362 2664 similitudines
1390 2606 1706 2683 adiungens
1736 2606 1931 2662 omnia

248 2693 304 2748 in
335 2691 604 2768 perfectis
633 2698 691 2747 et
719 2689 958 2746 maturis
987 2689 1158 2745 docet
1186 2706 1304 2744 esse
1332 2687 1585 2756 meliora,
1606 2693 1670 2743 ut
1692 2686 1750 2743 in
1780 2705 1930 2762 equo

249 2791 416 2847 quam
443 2771 502 2826 in
531 2770 777 2840 eculeo,
763 2789 822 2825 m
852 2787 988 2826 cane
1013 2787 1183 2860 quam
1208 2768 1264 2824 in
1297 2767 1502 2836 catulQ
1522 2767 1581 2824 in
1607 2767 1728 2823 viro
1759 2785 1930 2842 quam

247 2852 307 2907 in
340 2869 533 2926 puer0,
554 2849 712 2918 item,
735 2849 925 2925 quod
913 2868 971 2904 m
1002 2849 1163 2904 omni
1191 2847 1409 2904 mundo
1440 2848 1725 2924 optimum
1758 2846 1848 2915 sit,
1870 2845 1932 2901 id

250 2932 307 2988 in
345 2930 602 3007 perfecto
637 2929 828 3005 aliquo
864 2936 1034 3004 atque
1069 2927 1332 2984 absoluto
1373 2947 1493 2984 esse
1528 2927 1747 2984 debere.
1837 2930 1928 2981 39.

251 3011 356 3067 Est
390 3016 579 3065 autem
616 3008 759 3064 nihil
792 3008 1012 3065 mundo
1047 3008 1374 3085 perfectiuS,
1401 3008 1544 3064 nihil
1575 3008 1784 3064 virtute
1820 3025 1935 3061 nie-

251 3090 394 3147 lius:
438 3088 616 3165 igitur
643 3088 845 3144 muudi
876 3094 962 3145 est
990 3089 1223 3165 propria
1250 3088 1444 3145 virt-us·
1523 3088 1644 3145 Nec
1675 3106 1805 3143 vero
1835 3086 1936 3142 ho-

252 3170 426 3228 minis
454 3176 658 3225 natura
683 3168 940 3244 perfecta
968 3176 1070 3238 est,
1091 3175 1151 3225 et
1172 3167 1414 3225 efficitur
1441 3174 1633 3225 tamen
1663 3168 1723 3225 in
1753 3167 1936 3224 homi-
